3221 4850
1302 269 1415 325 Lib.
1455 269 1499 337 1,
1538 285 1583 322 ο.
1628 270 1852 325 14-15.
2744 268 2810 327 47

355 434 617 509 abisset,
662 433 812 510 nisi,
859 451 1005 497 cum
1050 433 1216 496 inter
1262 432 1551 496 homines
1601 433 1799 509 esset,
1846 449 1988 495 eam
2035 431 2155 495 sibi
2200 431 2371 496 viam
2416 431 2812 496 munivisset.

354 539 594 604 Vetera
637 540 767 603 iam
812 540 938 602 ista
987 541 1051 604 et
1096 539 1399 621 religione
1443 539 1735 616 ,omnium
1782 540 2189 603 consecrata:
2251 536 2420 617 Quid
2465 539 2531 603 in
2576 539 2700 603 hac
2743 558 2811 604 re
2834 542 2915 604 15

353 646 608 729 publica
653 648 751 710 tot
795 647 1136 727 tantosque
1186 646 1352 710 viros
1401 646 1481 709 ob
1527 664 1666 709 rem
1709 645 2033 728 publicam
2078 644 2445 710 interfectos
2500 645 2811 727 cogitasse

357 753 788 817 arbitramur?
847 753 1135 817 isdemne
1191 755 1268 816 ut
1320 752 1552 817 finibus
1609 771 1841 817 nomen
1899 772 2116 829 suum,
2179 753 2409 833 quibus
2465 752 2627 830 vita,
2689 754 2816 817 ter-

353 860 755 924 minaretur?
831 859 1035 924 Nemo
1070 878 1380 941 umquam
1427 860 1560 923 sine
1607 877 1844 941 magna
1891 877 2001 942 spe
2047 858 2554 923 immortalitatis
2602 877 2669 923 se
2701 878 2814 942 pro

355 967 564 1050 patria
620 965 875 1031 offerret
922 965 1001 1029 ad
1047 967 1338 1030 mortem.
1428 966 1642 1030 Licuit
1699 985 1839 1030 esse
1897 966 2095 1030 otioso
2142 965 2577 1043 Themistocli,
2636 966 2817 1031 licuit
2838 984 2899 1026 ³³

355 1073 864 1156 Epaminondae,
908 1073 1120 1150 licuit,
1166 1091 1246 1137 ne
1296 1076 1362 1137 et
1402 1074 1625 1154 vetera
1673 1075 1738 1136 et
1785 1074 2044 1137 externa
2091 1091 2427 1154 quaeram,
2473 1072 2657 1150 mihi,
2704 1072 2816 1137 sed

354 1180 566 1244 nescio
616 1198 739 1261 quo
785 1180 970 1244 modo
1017 1180 1309 1243 inhaeret
1353 1179 1421 1244 in
1466 1179 1791 1243 mentibus
1826 1179 2010 1261 quasi
2057 1179 2516 1243 saeclorum
2563 1178 2818 1261 quod-

358 1285 530 1350 dam
585 1287 1020 1368 augurium
1079 1286 1554 1350 futurorum
1620 1286 1811 1368 idque
1867 1286 1934 1350 in
1978 1286 2271 1350 maximis
2320 1285 2591 1368 ingeniis
2640 1285 2817 1350 altis-

358 1392 663 1474 simisque
711 1393 938 1457 animis
987 1397 1052 1457 et
1099 1393 1351 1457 exsistit
1394 1392 1669 1457 maxime
1719 1395 1784 1457 et
1817 1394 2083 1476 apparet
2113 1392 2432 1457 facillime.
2507 1391 2646 1472 Quo
2680 1394 2817 1476 qui-

358 1498 504 1563 dem
550 1499 837 1582 dempto,
899 1500 1040 1581 quis
1087 1501 1224 1564 tam
1274 1502 1445 1564 esset
1491 1518 1740 1577 amens,
1803 1500 1913 1581 qui
1959 1518 2210 1582 semper
2254 1500 2321 1563 in
2366 1499 2688 1564 laboribus
2750 1502 2817 1565 et

356 1605 651 1689 periculis
716 1606 1002 1670 viveret?
1102 1606 1358 1688 Loquor
1418 1605 1495 1670 de
1555 1605 1979 1689 principibus;
2052 1605 2254 1687 quid?
2322 1607 2546 1689 poetae
2607 1625 2814 1672 nonne
2838 1625 2895 1666 3⁴

355 1714 501 1795 post
546 1714 818 1776 mortem
864 1712 1188 1777 nobilitari
1235 1712 1508 1777 volunt?
1600 1712 1790 1778 Unde
1838 1730 1985 1794 ergo
2030 1712 2238 1776 illud?

510 1845 911 1927 Aspicite,
958 1864 993 1909 o
1043 1846 1297 1923 cives,
1345 1846 1566 1910 senis
1614 1845 1821 1910 Enni
1864 1845 2252 1927 imaginis
2300 1845 2659 1911 formam.

613 1951 760 2015 Hic
805 1955 1174 2016 vestrum
1220 1954 1505 2034 panxit
1549 1953 1900 2017 maxima
1944 1952 2170 2018 facta
2215 1955 2557 2035 patrum.

356 2101 716 2166 Mercedem
762 2103 996 2184 gloriae
1043 2102 1296 2184 flagitat
1342 2104 1421 2166 ab
1467 2103 1546 2168 iis
1559 2152 1574 2182 ,
1638 2122 1911 2185 quorum
1955 2106 2172 2187 patres
2231 2102 2553 2168 adfecerat
2598 2104 2815 2186 gloria,

356 2206 652 2289 idemque
673 2228 688 2271 :

581 2331 688 2397 Ne
706 2351 821 2396 mo
867 2352 982 2398 me
1029 2334 1236 2398 lacri
1254 2334 1402 2398 mis
1449 2333 1688 2398 decoret
1730 2353 1843 2398 nee
1886 2332 2125 2414 funera
2167 2333 2354 2412 flecta

668 2438 886 2504 Faxit.
980 2440 1181 2508 Cur?
1228 2442 1487 2507 volito
1535 2442 1762 2506 vivos
1809 2461 1950 2525 per
1994 2460 2128 2506 ora
2173 2442 2456 2506 virum.

357 2722 663 2774 numquam
690 2706 908 2776 abisset]
940 2707 1233 2774 Gegensatz
1262 2707 1424 2760 etwa:
1452 2706 1545 2760 sed
1567 2706 1731 2760 humi
1765 2707 1914 2776 (oder
1939 2706 2091 2761 eirea
2117 2708 2341 2776 terram)
2367 2707 2731 2762 remansisset.
2752 2738 2814 2747 —-

358 2811 480 2847 eam
519 2834 530 2846 .
554 2835 565 2846 .
589 2835 601 2847 .
639 2794 810 2864 riam]
849 2795 997 2862 „den
1032 2795 1173 2864 Weg
1210 2835 1221 2847 .
1246 2836 1258 2848 .
1280 2836 1292 2848 .
1332 2794 1539 2848 dahin“
1577 2795 1833 2865 (namlich
1869 2796 1944 2849 ad
1976 2796 2133 2864 deos).

501 2937 657 3005 Καρ.
702 2939 804 2996 15.
878 2937 1139 3006 reliqione
1183 2936 1436 2991 omnium
1484 2939 1813 3007 consecrata]
1854 2937 2152 3007 „geheiligt
2186 2938 2262 2991 im
2297 2937 2650 3007 allgemeinen
2685 2918 2818 2991 Ku'lt

357 3026 467 3078 und
505 3025 806 3080 Glauben“.
859 3057 926 3065 —-
981 3025 1221 3079 isdemne
1270 3066 1281 3078 .
1315 3066 1326 3079 .
1359 3066 1370 3079 .
1418 3025 1825 3095 terminaretur]
1879 3027 2017 3080 etwa
2050 3051 2121 3071 -—-
2154 3043 2294 3079 num
2342 3026 2685 3080 arbitramur
2731 3044 2816 3080 eos

358 3113 619 3182 eoyitasse
653 3115 768 3183 fore
804 3116 920 3183 (aus
955 3115 1090 3184 quid
1125 3132 1192 3168 zu
1230 3114 1592 3183 entnehmen),
1629 3120 1691 3169 ut
1725 3115 1898 3168 isdem
1936 3156 1948 3168 .
1972 3156 1984 3167 .
2007 3156 2019 3168 .
2058 3114 2485 3169 terminaretur?

507 3225 588 3267 33.
638 3208 847 3281 Licuit]
887 3228 988 3280 „es
1024 3212 1220 3266 konnte
1260 3253 1306 3266 ..
1330 3215 1395 3265 .“.
1448 3243 1516 3252 -
1567 3213 1849 3283 quaeram]
1891 3239 1955 3257 =
1988 3230 2298 3282 persequar,
2337 3229 2380 3267 s,
2419 3229 2465 3267 o.
2517 3246 2586 3253 —
2634 3214 2816 3267 neseio

358 3318 461 3369 quo
510 3301 666 3354 modo
716 3300 977 3370 inhaeret]
1026 3341 1058 3368 „
1074 3300 1680 3370 eigentiimlicherweise
1728 3301 1901 3355 haftet
1948 3343 1959 3355 .
1993 3343 2004 3355 .
2037 3305 2113 3356 .“.
2172 3333 2240 3342 —
2294 3302 2508 3357 exsistit
2553 3302 2814 3373 maxime]

359 3390 604 3458 „kommt
639 3406 726 3444 am
763 3389 982 3444 ehesten
1021 3392 1180 3444 vor“.

506 3501 587 3543 ³4.
625 3488 840 3557 Loquor
865 3488 928 3541 de
955 3487 1339 3558 principibus:
1379 3488 1514 3557 quid
1524 3487 1552 3540 ,9
1579 3489 1789 3558 po'e‘tae]
1818 3488 2039 3542 Wieder
2066 3489 2163 3542 der
2189 3492 2361 3551 τόπος
2396 3492 2454 3544 ἐκ
2482 3500 2582 3544 τοῦ
2603 3493 2819 3560 μᾶλλον

358 3580 454 3632 καὶ
502 3573 666 3645 ἧττον
709 3576 788 3631 als
834 3560 1125 3645 fibergang
1171 3576 1416 3631 benutzt:
1467 3594 1648 3647 parva
1696 3594 1823 3631 eum
1867 3577 2089 3646 maynis
2138 3582 2556 3647 comparantur3
2607 3576 2665 3631 in
2712 3578 2817 3631 den

361 3666 551 3733 Augen
596 3664 690 3718 des
726 3665 951 3720 Riimers
1001 3665 1146 3719 steht
1191 3666 1291 3720 der
1323 3665 1549 3719 Dichter
1595 3666 1699 3720 ties
1745 3668 1904 3720 unter
1954 3667 2077 3721 dem
2112 3666 2481 3721 Staatsmanne
2520 3666 2813 3737 (princeps,

359 3754 627 3808 fiihrende
654 3754 1110 3823 Personlichkeit).
1148 3786 1216 3795 —
1266 3755 1414 3810 Unde
1448 3772 1568 3824 erqo
1603 3755 1767 3825 illud]
1797 3754 2089 3824 „welchem
2119 3755 2335 3809 Grunde
2373 3755 2672 3826 entspringt
2706 3755 2816 3811 also

357 3843 511 3912 jenes
559 3842 921 3897 Distichon‘?“
969 3875 1037 3883 —
1092 3843 1355 3914 Aspicite]
1407 3842 1487 3898 als
1535 3843 1839 3897 Aufschrift
1885 3845 2046 3898 unter
2094 3844 2215 3897 dem
2264 3843 2417 3899 Bilde
2466 3845 2706 3914 gedacht.
2748 3875 2813 3885 —

358 3931 652 4002 imayinis]
698 3931 984 3988 Schluss-s
1031 3934 1243 3987 stumm.
1297 3964 1365 3973 —
1413 3934 1669 4003 vestrum]
1719 3957 1791 3978 ==
1836 3937 2148 3987 vestrorum.
2201 3964 2269 3973 —
2311 3933 2535 4003 panoeit]
2583 3950 2817 4004 panyere

362 4020 573 4089 „fiigen
600 4020 724 4090 (vgl.
755 4021 1124 4090 „kompakt“),
1160 4020 1554 4091 komponieren,
1591 4020 2023 4089 schriftstellern,
2062 4021 2378 4092 besingen“.
2418 4055 2485 4063 --
2522 4022 2816 4076 Mercedem

353 4108 587 4179 ,alm-iae]
637 4108 790 4165 Lohn
835 4109 1125 4165 bestehend
1174 4110 1232 4163 in
1280 4110 1459 4165 Ruhm
1509 4110 1760 4181 (Genetiv
1809 4111 1904 4165 des
1950 4110 2212 4180 Inhaltes)
2228 4152 2241 4179 ,
2299 4110 2421 4180 „als
2465 4111 2619 4165 Lohn
2669 4110 2815 4180 (den)

359 4198 600 4254 Ruhm“.
653 4230 721 4239 —
771 4198 942 4253 Nemo
1099 4200 1320 4271 decoret]
1360 4199 1653 4268 „niemand
1690 4198 1847 4255 wolle
1892 4200 2038 4254 mich
2086 4200 2321 4269 ehren“;
2369 4198 2473 4269 vgl.
2513 4200 2546 4270 ξ
2585 4200 2705 4255 117.
2744 4230 2812 4239 -

356 4286 523 4358 faxit]
551 4286 627 4344 alt
652 4288 746 4341 fiir
769 4287 970 4355 feeerit.
1001 4319 1070 4329 —
1105 4288 1273 4359 vives]
1303 4314 1371 4335 =
1390 4288 1572 4358 vivus3
1609 4307 1639 4342 s
1666 4292 1881 4343 stumm.
1911 4320 1980 4329 —
2016 4289 2222 4358 virum]
2254 4314 2318 4333 =
2348 4287 2596 4342 virorum
2625 4312 2690 4332 =
2719 4287 2814 4342 ko-
