3221 4850
1063 1123 1180 1206 M.
1231 1122 1626 1205 TULLII
1672 1123 2274 1208 CICERONIS

514 1274 1636 1375 TUSCULANARUM
1690 1274 2830 1377 DISPUTATIONUM

1409 1439 1525 1498 AD
1572 1439 1928 1500 BRUTUM

1333 1601 1614 1666 LIBER.
1657 1600 2006 1669 PRIMUS

890 1763 1044 1846 DE
1093 1763 1983 1847 CONTEMNENDA
2027 1764 2448 1848 MORTE.

1279 2062 2076 2130 ARGUMENTUM.

619 2192 928 2251 Praefatus
977 2192 1046 2251 de
1109 2192 1379 2252 instituto
1441 2193 1849 2267 philosophiae
1900 2193 2153 2252 Graecae
2200 2194 2427 2252 Latinis
2485 2195 2700 2255 litteris
2759 2197 2896 2255 illu-

442 2282 732 2353 strandae,
790 2283 873 2353 ut,
928 2281 991 2339 in
1038 2298 1150 2354 quo
1198 2299 1314 2342 uno
1363 2300 1572 2356 genere
1622 2300 1657 2339 a
1704 2282 1940 2341 Graecis
1987 2281 2356 2341 vincerentur
2400 2284 2663 2357 Romani,
2708 2285 2775 2344 id
2820 2287 2897 2344 ad

440 2370 549 2431 hos
597 2387 826 2444 quoque
872 2371 1296 2444 transferretur,
1345 2388 1468 2445 cap.
1522 2376 1725 2444 1—4‚
1772 2372 1940 2446 ponit
1984 2372 2061 2432 M.
2109 2370 2306 2431 Cicero
2352 2371 2443 2446 id,
2493 2374 2563 2433 de
2612 2391 2725 2449 quo
2772 2377 2899 2435 tota

440 2462 529 2519 est
573 2460 745 2533 primi
789 2460 926 2518 libri
974 2460 1310 2534 disputatiO,
1374 2460 1575 2519 sitne
1624 2461 1898 2519 malum
1956 2478 2183 2535 morS,
2245 2463 2401 2534 quod
2450 2462 2723 2537 deinceps
2772 2467 2896 2522 stu-

440 2550 600 2608 diose
633 2548 863 2608 refellit.
952 2549 1213 2607 Primum
1245 2550 1501 2609 ostendit
1531 2552 1772 2609 mortem
1818 2567 1935 2608 non
1982 2551 2176 2623 posse*
2202 2551 2417 2608 malum
2465 2569 2591 2610 esse
2633 2553 2896 2625 mortuis,

440 2639 597 2712 quod
644 2640 702 2696 et
747 2638 898 2696 falsa
953 2637 1073 2696 sint
1120 2638 1351 2711 omnia,
1402 2655 1550 2711 quae
1599 2640 1669 2696 de
1715 2638 1920 2698 inferis
1968 2640 2125 2712 apud
2170 2641 2375 2713 poetas
2421 2640 2758 2714 narrentur,
2820 2644 2895 2715 et,

440 2727 491 2786 si
523 2744 811 2800 nusquam
842 2726 963 2785 sint
992 2727 1218 2799 mortui,
1263 2727 1324 2801 ii,
1371 2729 1527 2800 quod
1572 2727 1722 2785 nihil
1770 2727 2042 2802 sentiant,
2088 2745 2207 2787 non
2252 2729 2482 2802 possint
2528 2748 2654 2790 esse
2699 2731 2895 2790 miseri

438 2817 588 2892 (cap.
640 2818 881 2892 5—7).
972 2816 1197 2875 Deinde
1263 2816 1554 2876 morituris
1612 2819 1852 2876 mortem
1899 2835 2017 2876 non
2064 2835 2190 2875 esse
2237 2818 2453 2876 malum
2501 2819 2894 2878 demonstrare

438 2905 688 2979 suscipit
731 2906 882 2979 (cap.
932 2906 1014 2980 8).
1105 2906 1261 2964 Mors
1310 2907 1452 2979 quid
1499 2906 1607 2979 sit,
1655 2923 1772 2965 non
1821 2908 2085 2965 constare
2131 2906 2285 2963 inter
2329 2906 2744 2981 philosophos,
2792 2908 2895 2981 qui

441 2995 511 3053 de
573 2994 750 3051 animi
813 2996 1023 3052 natura
1067 2995 1235 3052 valde
1294 2994 1645 3052 dissentiant
1699 2996 1849 3069 (cap.
1902 2999 1956 3065 9,
2010 2995 2147 3067 10),
2212 3010 2328 3066 qua
2373 3011 2492 3053 non
2540 2995 2775 3070 cognita
2821 3014 2894 3055 119

438 3085 680 3141 mortem
727 3083 991 3156 quidem,
1058 3082 1247 3155 qualis
1295 3084 1400 3155 sit,
1460 3099 1634 3156 posse
1694 3083 1975 3156 intellegi.
2070 3082 2183 3151 Qui
2230 3082 2487 3141 animum
2536 3085 2896 3143 confundant

440 3188 571 3229 cum
632 3188 898 3244 corpore,
956 3171 1031 3230 iis
1087 3189 1204 3229 una
1263 3189 1394 3229 cum
1453 3172 1564 3230 hoc
1619 3171 1787 3229 illum
1844 3171 2081 3230 interire
2140 3171 2354 3246 videri,
2415 3172 2671 3246 reliquos
2732 3191 2893 3247 spem

437 3260 892 3319 immortalitatis
940 3260 1181 3319 adferre.
1275 3260 1574 3334 Quidquid
1621 3260 1727 3333 sit,
1790 3263 2030 3320 mortem
2077 3278 2195 3319 non
2245 3278 2372 3320 esse
2420 3261 2653 3321 malum.
2742 3263 2895 3321 Nam

439 3349 491 3408 si
520 3349 770 3407 intereat
815 3349 1060 3421 animus,
1109 3366 1227 3408 non
1260 3366 1385 3408 esse
1417 3349 1723 3421 miserum;
1772 3350 1866 3408 sin
1912 3351 2211 3423 superstes
2257 3349 2337 3407 sit
2368 3350 2609 3423 corpori,
2655 3350 2894 3409 beatum

440 3455 565 3497 esse
613 3438 763 3512 (cap.
816 3441 939 3511 11).
1031 3438 1531 3497 Immortalitatem
1579 3441 1772 3497 autem
1834 3438 2014 3496 animi
2061 3437 2387 3496 confirmari
2440 3437 2690 3512 primum
2739 3456 2893 3498 com-

437 3527 600 3586 muni
647 3526 834 3586 omnis
882 3527 1248 3600 antiquitatis
1309 3528 1654 3587 auctoritate
1716 3529 1867 3602 (cap.
1923 3532 2021 3599 12,
2072 3527 2213 3601 13),
2274 3526 2486 3585 deinde
2545 3528 2744 3586 nativa
2789 3528 2895 3586 illa

437 3616 691 3675 omnium
724 3616 1022 3675 hominum
1055 3633 1192 3674 cura
1222 3633 1413 3674 rerum
1453 3618 1589 3690 post
1634 3619 1876 3675 mortem
1920 3616 2245 3673 futurarum
2293 3618 2443 3691 (cap.
2494 3622 2577 3678 14
2592 3619 2722 3692 sq.),
2767 3620 2893 3676 tum

439 3721 725 3764 consensu
771 3705 1070 3764 nationum
1119 3705 1373 3764 omnium
1420 3707 1570 3780 (cap.
1620 3706 1742 3779 16),
1788 3722 1958 3778 porro
2006 3707 2216 3763 natura
2261 3705 2580 3764 animorum
2627 3705 2721 3764 vel
2767 3706 2892 3763 ani-

438 3793 607 3864 mali,
651 3792 691 3851 i.
740 3810 786 3852 e.
835 3793 1132 3867 spirabili,
1179 3793 1273 3852 vel
1316 3793 1523 3867 ignea,
1570 3811 1718 3867 qua,
1768 3810 1898 3851 cum
1946 3810 2183 3867 corpore
2232 3794 2609 3866 excesserint,
2655 3797 2895 3868 propter

439 3881 763 3956 agilitatem
807 3882 1055 3941 sublime
1101 3883 1363 3941 ferantur
1408 3885 1557 3956 (cap.
1612 3883 1750 3957 17),
1800 3881 2015 3940 divinis
2066 3881 2316 3955 denique
2363 3882 2570 3954 rebus,
2634 3900 2782 3957 quae
2829 3882 2893 3941 in

438 3970 628 4029 animo
675 3970 875 4043 insint,
924 3988 1071 4044 quae
1117 3989 1225 4030 nec
1257 3989 1292 4028 a
1338 3987 1574 4045 corpore
1623 3971 1760 4029 oriri
1806 3988 1914 4029 nec
1959 3970 2022 4029 in
2067 3973 2223 4029 terra
2268 3973 2439 4029 natae
2489 3989 2614 4030 esse
2662 3972 2895 4047 possint

441 4062 594 4135 (cap.
630 4060 934 4134 24—27).
1027 4059 1195 4129 Quod
1241 4062 1433 4118 autem
1479 4060 1727 4134 primum
1773 4062 2081 4134 propterea
2128 4059 2364 4134 quidam
2413 4060 2670 4119 animum
2701 4079 2737 4118 a
2767 4078 2891 4118 cor-

436 4166 578 4223 pore
627 4148 940 4206 discretum
987 4150 1221 4222 negent,
1269 4148 1442 4222 quod,
1490 4149 1593 4208 ubi
1640 4149 1719 4208 sit
1750 4151 1852 4207 aut
1882 4149 2075 4222 qualis
2122 4149 2215 4223 sit,
2263 4166 2381 4208 non
2421 4148 2785 4223 intellegant,
2830 4149 2897 4207 id

437 4255 564 4296 esse
609 4237 754 4309 leve,
801 4236 958 4311 quod
1003 4254 1110 4296 nec
1157 4237 1360 4297 oculus
1405 4255 1468 4296 se
1513 4238 1713 4297 videat
1759 4240 1818 4296 et
1862 4238 2117 4310 animus,
2166 4254 2515 4312 quamquam
2561 4254 2678 4297 non
2725 4255 2892 4295 suam

435 4327 694 4399 formam,
717 4328 914 4385 tamen
937 4325 1332 4400 sagacitatem,
1355 4326 1706 4400 memoriam,
1729 4326 2031 4401 ingenium
2059 4344 2229 4386 suum
2252 4326 2451 4385 videat
2472 4328 2623 4401 (cap.
2643 4329 2744 4398 28,
2762 4327 2891 4401 29).
