3221 4850
1326 315 1441 370 Lib.
1478 316 1523 385 Ι,
1561 331 1607 369 0.
1646 317 1733 372 28.
2692 314 2764 375 73

307 482 511 547 altera
543 481 864 558 australis,
894 481 1115 563 ignota
1146 479 1348 557 nobis,
1379 497 1572 561 quam
1604 479 1836 542 vocant
1859 476 2085 542 Graeci
2111 473 2484 559 ἀντίχθονα,
2517 480 2761 544 ceteras

305 589 520 672 partes
566 587 844 652 incultas
860 635 878 665 ,
932 586 1102 669 quod
1150 588 1267 650 aut
1312 585 1541 668 frigore
1585 585 1839 667 rigeant
1884 585 1998 648 aut
2042 586 2317 649 urantur
2361 586 2604 661 calore3
2658 585 2764 651 hic
2782 606 2848 650 co

308 697 543 772 autem,
588 694 699 759 ubi
742 694 1131 771 habitamus,
1176 711 1304 756 non
1349 691 1724 756 intermittit
1768 709 1883 756 suo
1930 692 2213 774 tempore

532 826 865 893 Caelum
909 827 1356 903 nitescere,
1403 824 1733 890 Arbores
1780 823 2340 904 frondescere,

529 932 767 998 Vites
812 932 1242 998 laetificae
1286 931 1700 1016 pempinis
1745 930 2234 1016 pubescere,

530 1040 769 1105 Rami
811 1041 1215 1105 bacarum
1245 1038 1632 1104 ubertate
1678 1038 2289 1118 incurvescere,

535 1147 876 1231 Segetes
921 1148 1227 1231 largiri
1270 1146 1585 1230 fruges,
1630 1145 1938 1212 florere
1987 1146 2288 1224 emnia,

531 1254 839 1320 Fontes
888 1257 1241 1332 scatere,
1286 1254 1565 1319 herbis
1612 1251 1847 1338 preta
1892 1252 2483 1330 convestirier,

310 1409 452 1470 tum
482 1405 964 1470 multitudinem
995 1405 1313 1489 pecudum
1344 1406 1583 1489 partim
1616 1405 1695 1469 ad
1728 1404 2131 1482 vescendum,
2177 1405 2413 1488 partim
2446 1404 2527 1468 ad
2559 1405 2769 1469 cultus

312 1531 631 1594 agrorum,
676 1513 912 1595 partim
959 1511 1040 1575 ad
1070 1511 1450 1589 vehendum,
1496 1512 1732 1595 partim
1774 1511 1855 1576 ad
1886 1530 2147 1595 corpora
2176 1510 2523 1589 vestienda,
2568 1510 2772 1576 homi-

310 1638 587 1702 nemque
645 1619 856 1703 ipsum
915 1619 1099 1701 quasi
1158 1620 1725 1702 contemplatorem
1785 1618 1944 1683 caeli
2002 1637 2076 1683 ac
2135 1618 2400 1682 deorum
2460 1618 2771 1683 cultorem

312 1730 506 1809 atque
560 1726 836 1790 hominis
892 1726 1162 1790 utilitati
1216 1744 1403 1807 agros
1461 1744 1681 1791 omnes
1737 1729 1804 1790 et
1848 1726 2051 1790 maria
2094 1725 2387 1810 parentia
2436 1745 2557 1788 —:
2611 1725 2771 1790 haec
2791 1745 2854 1790 vo

310 1834 509 1915 igitur
568 1836 636 1897 et
680 1833 808 1897 alia
850 1833 1340 1898 innumerabilia
1387 1852 1533 1898 cum
1581 1833 1900 1898 cernimus
1915 1881 1932 1910 ,
1991 1850 2412 1916 possumusne
2460 1831 2771 1909 dubitare,

315 1940 468 2022 quin
512 1941 592 2004 iis
639 1940 880 2023 praesit
925 1939 1156 2021 aliquis
1203 1940 1306 2004 vel
1352 1939 1625 2017 effector,
1672 1941 1727 2003 si
1771 1940 1932 2004 haec
1974 1941 2129 2003 nata
2174 1941 2355 2016 sunt,
2401 1939 2476 2002 ut
2518 1938 2772 2002 Platoni

313 2203 702 2272 heranschiebt,
742 2205 1090 2272 „austiirmt‘⁴
1129 2205 1215 2272 (-—--
1255 2204 1520 2273 exstruit).
1560 2235 1629 2244 —
1678 2205 2010 2277 ἀντίχθονα]
2049 2202 2184 2257 Ovid
2219 2202 2492 2256 iibersetzt
2528 2218 2587 2257 es
2625 2202 2772 2273 (Met.

311 2293 358 2361 Ι,
395 2293 486 2362 66)
522 2293 622 2346 mit
655 2292 939 2347 contrariu
974 2293 1142 2347 tellus.

459 2394 543 2439 09.
580 2381 674 2437 liic
712 2423 724 2435 .
747 2423 760 2436 .
782 2423 794 2436 .
831 2399 945 2437 non
978 2382 1294 2437 intermittit
1329 2400 1429 2437 suo
1465 2383 1716 2453 tempore]
1756 2383 1867 2452 „da
1893 2380 2230 2458 unterbleibt
2246 2397 2304 2437 es
2330 2380 2496 2449 nicht,
2533 2381 2649 2436 dass
2678 2396 2774 2435 zur

312 2472 535 2527 rechten
581 2472 698 2526 Zeit
735 2513 747 2525 .
770 2512 782 2525 .
807 2474 894 2540 .“;
930 2472 1122 2527 freier:
1162 2473 1433 2541 „spendet
1479 2472 1767 2526 immerdar
1815 2488 1913 2525 zur
1959 2471 2181 2525 rechten
2229 2471 2345 2525 Zeit
2391 2472 2487 2524 der
2534 2469 2771 2525 Himmel

314 2561 498 2631 Glanz,
535 2561 632 2616 der
666 2561 838 2615 Baum
873 2561 969 2616 das
1004 2562 1154 2616 Laub
1193 2601 1205 2615 .
1229 2601 1241 2615 .
1265 2565 1356 2630 .“;
1392 2562 1630 2616 hernach
1663 2562 2005 2631 Hauptsatze.
2044 2592 2112 2601 -
2149 2558 2424 2630 nitescere]
2463 2561 2575 2615 Fur
2600 2559 2772 2615 Schil—

313 2651 587 2720 derungen
606 2651 930 2704 verwenden
948 2650 1035 2704 die
1065 2650 1208 2705 alten
1227 2650 1452 2705 Dichter
1469 2650 1608 2720 (hier
1626 2649 1829 2704 Ennius
1853 2651 1911 2703 in
1938 2650 2121 2704 seinen
2144 2650 2624 2719 „Eumeniden“‘?)
2641 2666 2774 2719 gem

314 2739 496 2793 Verba
529 2738 833 2793 inchoativa
868 2739 969 2792 mit
993 2738 1395 2809 Klangfiguren.
1433 2771 1502 2779 --
1539 2740 1671 2793 vites
1710 2779 1722 2793 .
1745 2781 1757 2793 .
1780 2780 1793 2792 .
1827 2740 2123 2809 pubescere]
2151 2740 2275 2793 Wie
2313 2739 2442 2806 „die
2477 2739 2775 2793 lachenden

317 2828 711 2897 (erfreuenden,
739 2828 924 2896 laetae)
945 2828 1131 2882 Reben
1158 2827 1233 2881 im
1259 2828 1499 2882 frischen
1523 2828 1651 2882 Reis
1670 2828 1858 2898 (Laub)
1883 2828 2286 2897 heranreifen“,
2315 2827 2571 2882 schildert
2589 2827 2774 2884 Cicero

313 2916 522 2971 lebhaft
556 2917 630 2970 im
659 2915 789 2973 Cato
812 2917 884 2971 M.
916 2919 947 2987 ξ
974 2918 1058 2973 53.
1086 2949 1155 2956 -
1192 2918 1347 2971 rami
1501 2917 1887 2987 incurvescere]
1925 2918 2027 2971 Die
2053 2916 2343 2971 Riicksicht
2379 2918 2472 2971 auf
2507 2917 2592 2971 die
2628 2918 2774 2971 Kon-

315 3005 578 3059 strulxtion
627 3022 734 3059 von
782 3022 897 3059 non
943 3005 1259 3059 intermittit
1306 3006 1447 3072 kann
1494 3005 1551 3058 in
1599 3007 1696 3060 der
1732 2995 2105 3075 Ubersetzung
2153 3006 2481 3075 aufgegeben
2525 3006 2771 3061 werden:

317 3095 463 3162 „Die
500 3094 709 3163 Zweige
757 3094 920 3164 beugt
967 3096 1062 3148 des
1100 3094 1292 3149 Obstes
1343 3095 1637 3164 (bacarum
1676 3121 1739 3139 =
1772 3098 2083 3165 pomorum)
2123 3096 2301 3150 Last.“
2373 3096 2476 3150 Die
2528 3095 2774 3150 einfache

317 3182 608 3237 Schenheit
642 3183 738 3237 des
772 3182 954 3237 Bildes
988 3182 1102 3237 lobt
1129 3183 1237 3239 Cic.
1267 3184 1349 3238 De
1378 3201 1451 3237 or.
1481 3184 1583 3252 111,
1628 3185 1743 3240 154.
1774 3216 1841 3224 —
1869 3184 2042 3252 fontes
2066 3186 2287 3254 scatere]
2319 3184 2676 3253 ,‚sprudeln“.
2708 3217 2775 3225 —

315 3271 494 3325 herbis
522 3276 692 3341 prata
728 3272 1093 3341 convestirier]
1130 3272 1263 3327 Dass
1299 3273 1415 3327 sich
1450 3273 1537 3326 die
1562 3273 1785 3327 Wiesen
1819 3274 1920 3327 mit
1953 3275 2059 3328 den
2094 3273 2325 3327 Blumen
2361 3275 2472 3327 und
2508 3275 2777 3329 Kreutern

316 3360 597 3415 bekleiden
636 3360 864 3429 (vestiri)
903 3392 970 3400 —
1009 3361 1140 3430 „die
1176 3364 1263 3415 Au
1299 3361 1415 3415 sich
1451 3362 1725 3431 prangend
1761 3362 2084 3416 schmiickt“
2123 3394 2191 3402 —
2206 3403 2221 3431 ,
2267 3363 2340 3416 ist
2388 3364 2476 3416 ein
2524 3364 2651 3417 sehr
2684 3380 2775 3432 ge-

315 3449 546 3518 liiufiges
582 3448 717 3516 Bild,
756 3449 892 3503 auch
927 3450 1023 3503 fiir
1056 3450 1162 3503 den
1199 3451 1465 3505 Lateiner.
1517 3483 1585 3491 -—
1637 3456 1755 3504 tum
1789 3451 2217 3521 multitudinem]
2255 3451 2327 3505 Es
2365 3451 2602 3505 schwebt
2637 3452 2779 3505 noch

316 3555 445 3592 cum
479 3538 741 3591 videmus·
760 3554 872 3591 vor.
911 3569 979 3577 -—
1016 3538 1261 3592 hominis
1296 3538 1537 3593 utilitati
1571 3580 1583 3592 .
1606 3580 1619 3592 .
1642 3580 1654 3592 .
1685 3539 1966 3609 parentia]
2013 3540 2098 3593 Im
2135 3540 2361 3594 zweiteu
2397 3540 2584 3594 Buche
2622 3540 2778 3608 „Von

318 3627 444 3681 dem
480 3626 683 3679 Wesen
718 3626 817 3679 der
853 3625 1078 3680 Getter“
1116 3627 1249 3681 wird
1285 3627 1342 3680 in
1378 3628 1555 3681 satten
1592 3628 1799 3682 Farben
1844 3629 1931 3682 die
1967 3628 2454 3683 Vollkommenheit
2497 3630 2595 3683 der
2630 3629 2780 3683 Welt

318 3716 431 3769 und
467 3714 552 3769 die
588 3714 1123 3785 Herrscheistellung
1158 3717 1254 3770 des
1290 3716 1585 3771 Menschen
1622 3717 1971 3786 geschildert3
2007 3718 2082 3785 H,
2123 3721 2254 3773 154:
2294 3758 2326 3785 „
2337 3718 2551 3787 Restat,
2589 3721 2652 3773 ut
2686 3719 2777 3772 do-

319 3818 470 3856 ceam
633 3819 770 3872 quae
807 3803 916 3857 sint
950 3803 1007 3857 in
1041 3804 1144 3858 hoc
1190 3806 1416 3874 mund0,
1467 3806 1659 3874 quibus
1705 3809 1926 3861 utantur
1972 3806 2243 3874 homines,
2293 3807 2569 3862 hominum
2620 3824 2781 3863 causa

316 3893 463 3945 facta
500 3907 616 3946 esse
653 3894 708 3946 et
741 3895 927 3962 parata
963 3933 975 3945 .
999 3933 1011 3945 .
1035 3895 1109 3946 .“.
1183 3894 1294 3948 Das
1331 3895 1462 3948 wird
1498 3894 1573 3948 im
1610 3894 1891 3949 einzelnen
1924 3911 2096 3964 genau
2133 3895 2536 3965 durchgefiihrt.

467 3993 548 4035 70.
585 3980 717 4034 haec
751 3981 926 4050 iyitur
962 4022 975 4034 .
999 4022 1010 4035 .
1033 4023 1045 4035 .
1084 3999 1211 4036 cum
1245 3983 1543 4053 cernimus]
1581 3983 1889 4037 Aufnahme
1925 3984 2022 4038 des
2057 3983 2437 4040 Vordersatzes
2474 4003 2601 4040 cum
2635 3986 2780 4039 vide-

319 4086 460 4122 mus.
500 4100 569 4109 —
598 4070 812 4139 praesit
838 4070 1067 4141 aliwis]
1107 4071 1225 4141 Vgl.
1254 4072 1339 4126 De
1364 4074 1472 4127 nat.
1502 4073 1645 4127 deor.
1674 4072 1749 4141 Π,
1774 4075 1872 4129 55;
1902 4073 2145 4141 „Earum
2173 4073 2491 4144 (stellarum)
2516 4089 2780 4143 perennes

320 4172 509 4211 cursus
546 4160 704 4227 atque
740 4160 983 4228 perpetui
1019 4177 1141 4214 cum
1178 4160 1473 4215 admirabili
1509 4160 1914 4231 incredibilique
1952 4161 2249 4216 constantia
2296 4162 2571 4216 declarant
2604 4163 2658 4215 in
2694 4162 2780 4217 his

319 4247 431 4300 vim
467 4250 522 4301 et
557 4249 794 4301 mentem
823 4264 940 4302 esse
967 4248 1218 4317 divinam,
1255 4252 1332 4319 ut,
1368 4250 1502 4304 haec
1538 4249 1655 4319 ipsa
1690 4251 1782 4320 qui
1817 4268 1927 4306 non
1958 4251 2153 4305 sentiat
2179 4251 2400 4305 deorum
2427 4251 2536 4304 vim
2566 4250 2778 4319 habere,

317 4336 367 4390 is
394 4335 527 4389 nihil
556 4336 771 4391 omnino
798 4353 1054 4392 sensurus
1083 4354 1200 4393 esse
1228 4338 1537 4394 videatur“.
1564 4370 1635 4380 -
1671 4340 1901 4410 effector]
1930 4380 1963 4408 „
1978 4339 2305 4409 Schepfer“,
2333 4355 2489 4393 wenn
2517 4339 2605 4393 die
2632 4339 2783 4396 Welt
