3221 4850
1218 360 1333 414 Lib.
1370 359 1444 427 11,
1483 376 1528 413 ο.
1566 361 1795 415 22—23.
2634 359 2740 421 155

282 524 627 600 secaretur,
672 525 749 587 ut
794 541 986 605 supra
1033 521 1177 599 dixi,
1223 522 1529 604 principio
1576 523 1784 586 vetuit
1831 541 1897 586 se
1947 522 2194 604 alligari
2237 541 2356 586 nec
2394 522 2736 604 quisquam

279 631 430 694 ante
476 630 756 693 Marium
802 630 1048 693 solutus
1096 628 1330 692 dicitur
1385 647 1522 693 esse
1582 631 1810 694 sectus,
1904 627 2035 694 Cur
2094 648 2243 711 ergo
2300 630 2522 712 postea
2581 630 2735 693 alii?

279 735 509 800 Valuit
570 736 935 800 auctoritas
1039 735 1317 799 Videsne
1385 735 1585 816 igitur
1653 736 1962 819 opinionis
2033 754 2202 813 esse,
2270 755 2397 800 non
2466 738 2734 801 naturae

277 843 572 907 malum?
676 843 763 906 Et
826 845 1044 907 tamen
1101 841 1297 906 fuisse
1358 860 1569 907 acrem
1628 861 1916 907 morsum
1975 843 2205 907 doloris
2263 842 2433 907 idem
2490 843 2735 908 Marius

280 949 598 1024 ostendit;
660 968 805 1014 crus
853 949 1023 1013 enim
1070 949 1344 1013 alterum
1390 968 1516 1013 non
1560 950 1874 1032 praebuit.
1963 949 2068 1013 Ita
2116 951 2182 1014 et
2241 949 2396 1013 tulit
2453 950 2737 1015 dolorem
2828 971 2835 979 ·

279 1058 357 1120 ut
401 1058 497 1121 vir
556 1059 622 1121 et
680 1059 756 1120 ut
808 1057 996 1121 homo
1055 1056 1361 1120 maiorem
1417 1055 1582 1120 ferre
1643 1057 1778 1121 sine
1838 1075 2032 1120 causa
2090 1057 2454 1121 necessaria
2512 1058 2735 1122 noluit.

282 1163 515 1227 Totum
561 1163 758 1245 igitur
801 1164 865 1226 in
915 1182 987 1227 eo
1046 1165 1175 1240 est,
1233 1165 1309 1226 ut
1366 1163 1482 1227 tibi
1539 1163 1833 1246 imperes.
1927 1162 2195 1229 Ostendi
2255 1167 2506 1241 autem,
2569 1164 2737 1246 quod

281 1271 453 1334 esset
497 1270 850 1353 imperandi
896 1289 1131 1352 genus;
1181 1272 1373 1352 atque
1418 1271 1577 1335 haec
1624 1271 1948 1352 cogitatio,
1996 1271 2148 1353 quid
2195 1271 2535 1355 patientia,
2584 1271 2737 1353 quid

280 1375 651 1441 fortitudine
668 1425 683 1455 ,
741 1376 892 1458 quid
939 1377 1376 1459 magnitudine
1426 1377 1621 1441 animi
1668 1377 2112 1460 dignissimum
2171 1379 2257 1442 sit
2272 1426 2287 1456 ,
2341 1397 2468 1442 non
2530 1378 2738 1442 solum

285 1482 571 1546 animum
619 1484 1007 1566 comprimit,
1063 1484 1175 1548 sed
1218 1483 1431 1567 ipsum
1492 1484 1690 1548 etiam
1747 1484 2027 1549 dolorem
2086 1485 2300 1550 nescio
2362 1504 2486 1567 quo
2547 1486 2736 1568 pacto

281 1589 601 1653 mitiorem
646 1589 817 1655 facit.

459 1697 553 1762 Ut
600 1697 768 1761 enim
814 1697 889 1761 fit
931 1697 998 1762 in
1043 1697 1313 1781 proelio,
1372 1699 1448 1761 ut
1491 1697 1762 1780 ignavus
1809 1698 1993 1762 miles
2054 1717 2128 1763 ac
2186 1697 2484 1771 timidus,
2543 1699 2737 1763 simul
2759 1682 2841 1809 343

285 1823 357 1869 ac
401 1804 630 1868 viderit
674 1805 950 1881 hostem,
999 1805 1241 1869 abiecto
1290 1807 1470 1869 scuto
1516 1804 1754 1886 fugiat,
1803 1807 2117 1886 quantum
2161 1805 2394 1887 possit,
2440 1806 2518 1870 ob
2565 1824 2737 1870 eam-

286 1929 407 1992 que
456 1929 717 1974 causam
764 1914 985 1994 pereat
1028 1930 1512 1993 nonnumquam
1556 1912 1753 1976 etiam
1798 1912 2045 1994 integro
2105 1930 2388 1995 corpore,
2450 1931 2597 1976 cum
2659 1913 2735 1989 ei,

286 2017 395 2098 qui
442 2018 713 2095 steterit,
757 2017 918 2081 nihil
963 2018 1104 2082 tale·
1140 2019 1438 2095 evenerit,
1486 2018 1593 2094 sic,
1642 2019 1752 2099 qui
1798 2018 2028 2082 doloris
2077 2020 2352 2101 speciem
2397 2018 2562 2083 ferre
2608 2039 2736 2084 non

283 2126 580 2207 possunt,
642 2124 924 2188 abiciunt
969 2143 1036 2189 se
1085 2127 1277 2207 atque
1336 2125 1430 2188 ita
1490 2124 1730 2189 adflicti
1790 2128 1855 2189 et
1916 2125 2259 2189 exanimati
2317 2126 2560 2204 iacent;
2625 2127 2736 2207 qui

284 2233 501 2295 autem
566 2232 971 2308 restiterunt,
1032 2230 1367 2295 discedunt
1427 2232 1797 2313 saepissime
1856 2232 2228 2314 superiores.
2338 2231 2506 2297 Sunt
2565 2234 2735 2297 enim

284 2337 597 2418 quaedam
661 2338 855 2402 animi
916 2338 1367 2402 similitudines
1428 2359 1575 2402 cum
1634 2357 1909 2421 corpore.
2013 2339 2105 2404 Ut
2164 2357 2356 2403 onera
2420 2341 2732 2403 contentis

283 2445 643 2528 corporibus
690 2445 937 2510 facilius
984 2445 1294 2524 feruntur,
1339 2446 1624 2511 remissis
1672 2447 2065 2528 opprimunt,
2113 2447 2433 2511 simillime
2482 2448 2733 2511 animus

280 2552 628 2616 intentione
700 2571 817 2616 sua
886 2553 1146 2636 depellit
1213 2573 1506 2636 pressum
1576 2571 1830 2617 omnem
1905 2553 2290 2635 ponderum,
2366 2555 2732 2618 remissione

284 2661 501 2722 autem
551 2659 641 2723 sic
686 2662 980 2740 urgetur,
1025 2663 1103 2724 ut
1149 2679 1215 2723 se
1262 2663 1543 2741 nequeat
1588 2660 1908 2723 extollere.
1998 2660 2113 2736 Et,
2170 2661 2223 2723 si
2269 2679 2493 2725 verum
2540 2679 2735 2742 quae·
2761 2678 2819 2718 ⁵⁵

283 2765 513 2842 rimuS,
569 2764 635 2828 in
684 2766 972 2830 omnibus
1021 2765 1241 2830 officiis
1289 2767 1745 2848 persequendis
1796 2767 1990 2830 animi
2036 2770 2137 2831 est
2184 2767 2540 2831 adhibenda
2587 2787 2735 2831 con-

281 2872 513 2945 tentio;
576 2890 651 2935 ea
698 2873 798 2935 est
843 2873 977 2936 sola
1032 2872 1220 2937 officii
1279 2876 1614 2955 tamquam
1674 2874 1977 2938 custodia.
2073 2872 2197 2939 Sed
2257 2875 2379 2939 hoc
2437 2874 2607 2939 idem
2665 2876 2732 2939 in

282 2978 492 3043 dolore
540 2978 815 3043 maxime
863 2981 962 3043 est
1006 2979 1485 3061 providendum,
1529 3000 1609 3044 ne
1659 2980 1810 3062 quid
1858 2981 2119 3058 abiecte,
2164 3000 2244 3045 ne
2295 2981 2446 3062 quid
2493 2981 2733 3060 timide,

282 3192 502 3257 Mann“‚
531 3193 634 3259 vgl.
665 3208 727 3244 zu
757 3191 787 3258 ξ
814 3191 902 3245 43.
934 3221 999 3230 -
1038 3197 1104 3244 ut
1131 3192 1329 3261 supra]
1358 3192 1388 3259 ἓ
1416 3192 1502 3246 35.
1534 3221 1600 3230 —
1638 3193 1946 3260 principio]
1979 3193 2190 3260 „gleich
2219 3193 2481 3261 anfangs“
2511 3194 2636 3247 oder
2663 3218 2729 3237 =

277 3281 538 3351 primus?
577 3309 644 3318 —
688 3279 901 3345 Voluit]
942 3297 1043 3345 „es
1080 3280 1328 3334 wirkte“.
1370 3310 1435 3318 —
1474 3281 1758 3348 opinionis
1794 3281 1925 3350 esse]
1963 3281 2093 3335 Dass
2130 3299 2186 3335 es
2227 3282 2339 3334 sich
2377 3299 2464 3335 um
2494 3283 2577 3335 ein
2616 3281 2736 3335 Ein-

282 3370 563 3438 bildungs·‚
600 3370 751 3422 nicht
785 3368 1081 3422 Naturiibel
1109 3369 1343 3423 handelt.
1384 3399 1451 3408 —
1488 3370 1739 3423 animum
1766 3371 2095 3439 comprimit]
2135 3413 2167 3438 ‚,
2182 3371 2386 3441 dampft
2412 3372 2495 3424 die
2522 3371 2735 3424 Leiden-

282 3460 451 3512 schaft
465 3460 527 3522 “3
565 3460 668 3526 vgl.
708 3459 803 3511 das
839 3461 1331 3527 entgegengesetzte
1358 3459 1506 3512 Bild:
1545 3461 1770 3514 animus
1798 3461 2060 3515 tumescit.
2101 3490 2168 3499 —
2205 3460 2387 3515 nescio
2413 3476 2522 3529 quo
2549 3462 2733 3529 pacto]

283 3589 313 3615 „
326 3546 883 3615 merkwiirdigerweise
896 3548 944 3600 “.

422 3672 577 3739 Kap.
631 3671 735 3726 23.
815 3685 896 3726 54.
950 3673 1167 3743 integro
1219 3673 1465 3741 corpore]
1519 3674 1700 3740 „ohne
1735 3673 2170 3742 Verwundung“.
2210 3702 2275 3711 -
2330 3673 2564 3740 steterit]
2601 3673 2736 3726 Rom

285 3762 434 3815 hatte
470 3761 619 3815 einen
656 3761 975 3816 besonderen
1011 3762 1223 3832 Tempel
1259 3762 1352 3816 des
1387 3762 1627 3832 Iuppiter
1664 3761 1861 3816 Stator.
1911 3792 1978 3801 —
2031 3764 2260 3832 speciem
2312 3762 2539 3830 doloris]
2588 3803 2618 3828 „
2633 3761 2733 3815 den
2782 3817 2787 3821 ,

283 3849 485 3913 Schein,
524 3850 621 3903 das
656 3850 1054 3904 Phantasiebild
1089 3851 1181 3904 des
1218 3850 1443 3916 Schm.“‚
1483 3874 1552 3896 =
1588 3852 1833 3906 dolorem
1879 3851 2185 3921 opinatum.
2233 3880 2301 3890 —
2351 3867 2408 3905 se
2454 3850 2732 3919 abiciunt]

281 3939 568 3992 wortliche
603 3929 968 4006 Ubersetzung
1006 3981 1039 4005 „
1055 3939 1129 3993 sie
1179 3939 1370 3993 werfen
1422 3939 1534 3992 sich
1582 3940 1719 3993 hin‘⁸
1767 3940 2163 3993 beizubehalten
2215 3957 2389 4007 wegen
2440 3939 2532 3992 der
2583 3939 2628 3992 F
2628 3943 2732 3992 ort-

284 4030 503 4096 setzung
552 4028 645 4081 des
680 4028 860 4081 Bildes
896 4028 1116 4097 adflicti
1167 4056 1232 4066 —-
1283 4028 1479 4082 iacent.
1529 4058 1597 4066 —
1655 4028 2001 4097 opprimunt]
2050 4028 2147 4082 Als
2184 4026 2381 4097 Objekt
2429 4045 2494 4081 zu
2530 4027 2732 4081 denkon

263 4116 530 4183 ferentes.
570 4147 638 4155 —-
670 4115 944 4186 pressum]
983 4158 1015 4183 „
1030 4117 1208 4170 Druck
1223 4118 1272 4171 “.
1684 4107 1688 4113 ’

305 4226 312 4231 <
423 4218 508 4260 55.
545 4206 596 4260 si
615 4222 805 4260 verum
823 4205 1162 4275 quaerimus]
1186 4223 1368 4272 „wenn
1386 4206 1480 4259 wir
1508 4206 1591 4259 die
1618 4205 1781 4259 Sache
1808 4206 1892 4258 bei
1919 4206 2074 4258 Licht
2101 4205 2427 4271 betrachten,
2457 4204 2549 4258 der
2570 4203 2736 4258 Sache

281 4295 374 4348 auf
387 4295 487 4349 den
503 4293 689 4350 Grund
713 4295 944 4363 gehen“.
974 4325 1042 4335 —
1070 4296 1247 4362 officii
1269 4301 1547 4364 tamquam
1566 4295 1845 4362 custodia]
1867 4293 2356 4361 „gewissermassen
2384 4293 2498 4346 eine
2518 4292 2734 4346 Schutz-

281 4384 451 4438 wacho
485 4384 571 4439 fiir
606 4383 690 4438 dic
717 4383 969 4438 Pflicht“.
1026 4413 1086 4421 —
1126 4399 1196 4437 nc
1231 4383 1369 4453 quid
1403 4382 1628 4451 abiecte]
1679 4384 1841 4451 „dass
1879 4383 1973 4436 wir
2009 4383 2185 4436 nichts
2220 4382 2322 4435 mit
2358 4381 2734 4436 Selbsternied·
