3221 4850
1249 318 1362 371 Lib.
1400 317 1445 387 1,
1484 333 1529 370 ο.
1570 319 1798 372 13-19.
2682 313 2755 373 35

295 482 591 556 Accedit,
652 483 726 545 ut
771 500 843 545 eo
890 480 1138 545 facilius
1197 481 1448 543 animus
1506 479 1738 544 evadat
1794 497 1869 542 ex
1912 479 2033 542 hoc
2089 482 2264 555 aere,
2327 497 2518 559 quem
2566 496 2753 559 saepe
2774 464 2862 525 19

295 591 428 653 iam
475 589 752 671 appello,
814 607 1088 669 eumque
1135 588 1534 669 perrumpat,
1597 586 1765 667 quod
1810 586 1971 648 nihil
2026 589 2127 648 est
2182 584 2392 648 animo
2439 551 2839 658 velocius;⁴⁸

295 697 478 759 nulla
526 698 625 760 est
672 695 994 771 celeritaS‚
1061 713 1222 775 quae
1269 695 1471 776 possit
1517 712 1664 756 cum
1720 692 1914 755 animi
1971 692 2295 756 celeritate
2357 690 2753 755 contendere.

297 801 424 879 Qui
472 804 526 866 si
559 804 890 885 permanet
919 802 1323 883 incorruptus
1373 801 1598 881 suique
1648 799 1890 876 31311113,
1936 817 2191 862 necesse
2241 800 2340 862 est
2369 799 2461 861 ita
2493 796 2753 875 feratur,

300 914 376 973 ut
419 910 712 991 penetret
766 913 833 973 et
889 908 1131 972 dividat
1186 927 1369 972 omne
1426 908 1675 971 caelum
1720 907 1872 983 hoc,
1931 906 1997 968 in
2046 923 2169 986 quo
2223 905 2458 981 nubes,
2518 904 2752 968 imbres

296 1016 598 1097 ventique
657 1018 999 1097 coguntur,
1061 1015 1230 1096 quod
1290 1017 1355 1079 et
1410 1014 1703 1078 umidum
1758 1017 1825 1077 et
1880 1012 2297 1094 caliginosum
2355 1013 2454 1075 est
2497 1012 2757 1093 propter

296 1122 729 1187 exhalationes
777 1125 1002 1186 terrae.
1080 1121 1290 1200 Quam
1335 1122 1659 1203 regionem
1706 1139 1854 1184 cum
1902 1119 2226 1201 superavit
2272 1118 2523 1182 animus
2568 1119 2756 1181 natu-

301 1248 565 1310 ramque
614 1230 714 1292 sui
761 1229 1035 1293 similem
1092 1229 1360 1310 contigit
1406 1232 1472 1292 et
1517 1227 1843 1309 adgnovit,
1903 1226 2138 1290 iunctis
2185 1244 2260 1289 ex
2316 1225 2529 1287 anima
2576 1223 2758 1287 tenui

298 1340 368 1400 et
424 1356 499 1400 ex
557 1337 779 1400 ardore
841 1337 991 1400 solis
1046 1337 1400 1418 temperato
1457 1335 1711 1417 ignibus
1766 1334 2008 1397 insistit
2067 1336 2131 1397 et
2183 1332 2375 1396 finem
2437 1330 2629 1394 altius
2688 1348 2756 1393 33
2837 1315 2849 1353 ⁷

298 1441 602 1507 efferendi
655 1442 825 1507 facit.
918 1442 1082 1508 Cum
1138 1444 1306 1506 enim
1365 1441 1465 1506 sui
1521 1442 1795 1505 similem
1852 1442 1917 1504 et
1969 1439 2298 1504 levitatem
2359 1439 2424 1502 et
2482 1438 2757 1501 calorem

299 1548 573 1632 adeptus
621 1552 740 1628 est,
799 1553 1132 1630 tamquam
1179 1550 1438 1631 paribus
1496 1548 1894 1612 examinatus
1949 1546 2330 1629 ponderibus
2386 1545 2634 1607 nullam
2691 1543 2759 1606 in

302 1658 553 1740 partem
598 1659 908 1733 movetur,
956 1675 1156 1738 eaque
1205 1657 1262 1720 ei
1294 1656 1552 1720 demum
1597 1655 1911 1718 naturalis
1959 1656 2059 1718 est
2091 1652 2291 1729 sedes,
2339 1671 2486 1716 cum
2534 1650 2616 1714 ad
2658 1650 2761 1713 sui

301 1764 509 1827 simile
556 1764 946 1846 penetravit;
1007 1764 1074 1826 in
1123 1782 1244 1844 quo
1300 1764 1479 1826 nulla
1533 1781 1600 1826 re
1658 1780 1850 1843 egens
1906 1762 2116 1825 aletur
2171 1762 2237 1824 et
2292 1757 2760 1822 sustentabitur

302 1870 508 1934 isdem
569 1872 790 1946 rebuS,
855 1871 1084 1952 quibus
1141 1872 1317 1934 astra
1376 1871 1824 1933 sustentantur
1883 1871 1948 1932 et
2009 1868 2286 1931 aluntur.
2468 1864 2757 1945 Cumque
2780 1890 2842 1932 44

301 1978 582 2060 corporis
644 1977 887 2041 facibus
948 1977 1334 2041 inflammari
1393 1977 1709 2040 soleamus
1771 1975 1850 2038 ad
1911 1993 2128 2038 omnes
2189 1972 2319 2037 fere
2377 1971 2759 2053 cupiditates

302 2102 507 2164 eoque
553 2085 758 2165 magis
806 2084 1086 2160 incendi,
1136 2083 1303 2164 quod
1349 2083 1426 2146 iis
1474 2083 1901 2158 aemulemur,
1949 2081 2058 2162 qui
2105 2099 2180 2144 ea
2224 2080 2534 2153 habeant,
2597 2094 2760 2157 quae

305 2209 421 2254 nos
452 2191 684 2255 habere
718 2192 1067 2274 cupiamus,
1112 2190 1394 2273 profecto
1425 2190 1596 2253 beati
1630 2190 1886 2265 3111333,
1933 2207 2079 2253 3313
2126 2186 2491 2269 corporibus
2523 2183 2761 2247 relictis

304 2299 374 2361 et
419 2297 844 2380 cupiditatum
903 2302 968 2362 et
1013 2297 1513 2361 aemulationum
1570 2297 1808 2359 erimus
1865 2296 2186 2377 expertes;
2251 2292 2543 2375 quodque
2590 2308 2762 2354 nunc

308 2404 608 2481 facimUS,
670 2425 817 2471 cum
865 2405 1060 2469 laxati
1108 2405 1276 2469 curis
1325 2422 1579 2480 3313113,
1634 2404 1711 2467 ut
1756 2404 2043 2485 spectare
2092 2400 2330 2483 aliquid
2378 2399 2647 2464 velimus
2697 2398 2763 2461 et

307 2513 537 2587 visere,
594 2513 660 2576 id
715 2515 919 2577 multo
975 2515 1113 2576 tum
1171 2512 1478 2576 faciemus
1532 2510 1794 2574 liberius
1840 2512 2135 2591 totosque
2190 2526 2305 2571 nos
2360 2509 2426 2570 in
2483 2507 2764 2570 contem-

308 2620 558 2702 plandis
604 2621 794 2684 rebus
841 2619 1419 2703 perspiciendisque
1452 2636 1778 2700 ponemuS‚
1823 2618 2158 2699 propterea
2206 2614 2372 2695 quod
2420 2615 2485 2677 et
2528 2614 2763 2675 natura

456 2903 608 2970 Καρ.
654 2903 751 2959 19.
830 2915 913 2956 43.
953 2919 1110 2970 quem
1148 2942 1195 2954 ..
1219 2942 1230 2954 .
1269 2902 1498 2970 appello]
1539 2917 1691 2969 „von
1727 2901 1848 2954 dem
1877 2900 2092 2970 (Dunst)
2133 2939 2144 2951 .
2168 2938 2180 2949 .
2203 2937 2215 2949 .
2255 2896 2344 2949 ich
2379 2894 2667 2964 spreche“.
2697 2923 2765 2933 -—

305 3010 467 3046 omne
502 2992 713 3045 caelum
746 2992 864 3060 hoe]
904 3030 936 3059 „
951 2991 1096 3044 111333
1132 3006 1299 3060 ganzo
1335 2990 1689 3058 Atmosphare
1727 2990 2050 3060 (Lustraum)
2068 2991 2116 3042 “.
2157 3019 2225 3028 —
2262 2992 2625 3055 naturamque
2664 3025 2674 3037 .
2707 3024 2719 3036 .
2753 3023 2765 3035 .

305 3081 586 3149 adynovit]
626 3081 777 3146 „und
816 3080 935 3134 eine
971 3080 1084 3132 ihm
1121 3079 1370 3133 ’3113113113
1406 3079 1727 3134 Wesenheit
1773 3079 2048 3148 gesunden
2097 3078 2208 3131 und
2258 3077 2495 3147 (wieder)
2543 3076 2770 3129 erkannt

311 3170 464 3222 hat“.
505 3201 573 3211 -
612 3169 818 3222 iunctis
839 3210 851 3221 .
875 3210 886 3222 .
909 3209 921 3221 .
942 3168 1176 3237 insistit]
1215 3169 1452 3238 „nimmt
1486 3168 1638 3222 Platz
1677 3169 1770 3222 auf
1804 3169 1911 3221 den
1936 3168 2164 3234 Feuern‚
2202 3165 2287 3220 die
2325 3180 2420 3219 aus
2456 3164 2606 3219 einer
2632 3165 2769 3219 Ver-

312 3258 552 3327 bindung
587 3275 695 3312 von
731 3298 744 3310 .
768 3298 781 3310 .
805 3300 817 3311 .
855 3258 1113 3311 bestehen
1128 3260 1179 3325 “‚
1217 3258 1355 3311 noch
1392 3258 1542 3311 nicht
1567 3258 1653 3310 die
1691 3257 1855 3325 13133,
1892 3256 2145 3326 gottliche
2175 3256 2507 3310 Fenernatur
2542 3254 2678 3307 sind.
2702 3284 2767 3293 —

308 3349 483 3416 finem
533 3388 545 3400 .
582 3388 593 3400 .
626 3388 638 3400 .
688 3347 846 3417 facit]
903 3347 1180 3414 „beendet
1214 3347 1300 3401 die
1335 3347 1960 3415 Aufwartsbewegung“.
2018 3377 2086 3386 —
2134 3344 2371 3414 paribus
2422 3343 2772 3397 examinatus·

302 3437 656 3507 pmzderibus]
696 3436 797 3504 „in
834 3436 1090 3490 Schwebe
1125 3435 1375 3505 gehalten
1410 3436 1577 3490 durch
1614 3435 1821 3505 gleiche
1850 3434 2121 3489 Gewichte
2135 3436 2185 3502 “,
2223 3433 2327 3501 vgl.
2356 3433 2460 3486 den
2491 3432 2770 3485 Ausdruck

311 3526 479 3580 Ovids
514 3542 638 3579 vom
667 3525 1084 3595 Gleichgewicht
1117 3526 1214 3579 der
1239 3526 1407 3579 Erde:
1446 3524 1815 3594 „ponderibus
1842 3524 2033 3578 librata
2069 3524 2179 3578 suis
2194 3525 2244 3575 “.
2284 3552 2352 3561 —-
2389 3521 2566 3574 isdem
2591 3520 2768 3590 rebus]

311 3615 533 3684 „durch
569 3614 841 3669 dieselben
878 3615 1052 3669 Stoffe
1090 3615 1521 3685 (Substanzen)“.

462 3726 545 3766 44.
584 3713 827 3781 corporis
861 3713 1096 3783 facibus]
1137 3712 1309 3781 „Glut
1343 3738 1413 3759 ===
1449 3711 1717 3782 gliihende
1746 3711 2193 3767 Leidenschaften
2229 3711 2324 3764 des
2360 3710 2674 3778 Korpers“;
2713 3726 2772 3764 so

316 3803 390 3870 Π,
430 3805 523 3858 61;
577 3803 770 3872 „faces
805 3801 1000 3855 doloris
1015 3805 1066 3869 ⁴⁴,
1121 3802 1188 3869 V,
1230 3804 1326 3857 76:
1365 3801 1560 3870 „dolor
1606 3802 1757 3855 faces
1800 3800 2030 3855 intentat
2042 3803 2092 3868 “,
2148 3800 2215 3867 V,
2253 3802 2349 3855 69:
2390 3798 2773 3868 „miseriarum

317 3891 567 3945 incendia
579 3894 627 3944 “.
684 3922 751 3930 —
807 3891 1164 3960 aemulemur]
1216 3890 1786 3959 Modusangleichung3
1843 3889 1929 3942 die
1977 3888 2303 3944 fehlerhafte
2338 3888 2633 3942 aemulatio
2680 3888 2776 3941 hat

321 3980 499 4048 einer,
538 3980 631 4049 „si
651 3996 730 4044 e0,
760 3979 898 4049 quod
918 3979 1263 4049 concupierit,
1293 3979 1429 4034 31133
1446 3980 1681 4048 potiatur
1698 3978 2024 4047 (bekommt),
2052 3978 2167 4047 ipse
2187 3979 2410 4032 careat“
2440 3977 2556 4046 (IV,
2579 3977 2682 4043 17).
2705 4007 2773 4016 —

318 4074 368 4123 et
403 4068 769 4137 cupiditatum
817 4074 866 4122 et
900 4069 1355 4138 aemulationum]
1413 4068 1748 4137 „Regungen
1803 4083 1912 4121 von
1960 4066 2391 4135 Begehrlichkeit
2440 4064 2550 4118 und
2597 4064 2774 4117 1431131·-

319 4158 550 4226 sucht“;
572 4156 757 4213 Cicero
774 4157 1056 4236 verbindet
1073 4157 1224 4212 nicht
1250 4157 1423 4212 selten
1450 4173 1749 4226 synonyme
1764 4157 1987 4211 Worter
2003 4155 2103 4209 mit
2118 4161 2167 4209 et
2186 4196 2202 4208 .
2222 4195 2234 4208 .
2257 4195 2269 4208 .
2289 4160 2360 4222 et3
2391 4152 2686 4207 auflallend
2705 4152 2778 4206 ist

316 4246 439 4300 hier
462 4246 546 4301 die
576 4246 926 4317 Verbindung
960 4248 1055 4302 des
1090 4247 1250 4301 iiber·
1287 4248 1397 4300 und
1432 4246 1919 4314 untergeordneten
1942 4245 2227 4314 Begriffes.
2270 4274 2334 4283 —
2372 4242 2437 4296 id
2460 4243 2630 4296 multo
2657 4246 2780 4296 tum

314 4335 585 4403 faciemus
622 4335 872 4406 liberius]
909 4336 1106 4391 freiero
1143 4335 1387 4405 Stellung
1423 4352 1519 4391 333
1555 4334 1962 4404 rhythmischen
1999 4334 2271 4389 Griinden.
2314 4364 2380 4373 —
2416 4348 2516 4386 nos
2555 4371 2567 4384 .
2591 4372 2603 4385 .
2627 4372 2640 4384 .
2671 4349 2777 4402 po-
