3221 4850
379 1864 436 1905 41

460 294 534 354 52
1253 294 1674 350 Tusculanarum
1708 294 2122 363 disputationum

465 458 633 522 vitus
681 458 1041 522 erraverim.
1127 456 1303 522 Num
1347 457 1543 540 igitur
1590 456 1957 522 dubitamus
2005 457 2171 522 sicut
2209 456 2512 540 pleraque
2558 494 2646 503 —-
2696 475 2923 538 quam-

466 583 659 646 quam
689 565 809 629 hoc
840 564 1098 646 quidem
1127 564 1408 641 minime,
1453 564 1843 648 persuadent
1874 565 2045 628 enim
2076 563 2513 628 mathematici
2546 601 2628 610 -—
2678 566 2921 628 terram

464 672 529 735 in
573 670 780 737 medio
825 671 1064 736 mundo
1110 672 1302 736 sitam
1364 671 1445 735 ad
1491 671 1772 736 universi
1817 671 1977 736 caeli
2022 672 2421 754 complexum
2468 671 2651 752 quasi
2697 672 2921 754 puncti

463 779 667 843 instar
713 778 1012 856 obtinere,
1060 777 1228 860 quod
1269 774 1528 864 κέντρον
1573 778 1668 842 illi
1714 780 1979 858 vocant3
2028 796 2169 842 eam
2199 796 2383 861 porro
2429 778 2731 842 naturam
2779 797 2926 849 esse,

466 887 771 967 quattuor
827 884 1038 948 omnia
1084 884 1483 966 gignentium
1538 902 1904 967 corporum,
1963 887 2067 961 ut,
2129 884 2312 966 quasi
2356 885 2597 967 partita
2639 885 2922 948 habeant

464 993 632 1055 inter
677 1010 745 1055 se
793 1010 865 1055 ac
911 991 1112 1055 divisa
1158 992 1498 1068 momenta,
1543 992 1800 1055 terrena
1846 993 1912 1054 et
1956 990 2176 1055 umida
2221 993 2446 1073 suopte
2492 992 2655 1055 nutu
2706 994 2771 1055 et
2801 1010 2919 1055 suo

463 1098 736 1181 pondere
786 1096 867 1162 ad
909 1116 1093 1181 pares
1142 1097 1408 1179 angulos
1454 1098 1520 1161 in
1567 1099 1808 1161 terram
1856 1099 1922 1161 et
1965 1098 2030 1160 in
2076 1116 2252 1161 mare
2284 1096 2591 1175 ferantur,
2635 1098 2918 1180 reliquae

465 1206 625 1269 duae
657 1205 891 1286 partes,
936 1223 1066 1268 una
1110 1205 1313 1286 ignea,
1362 1205 1564 1268 altera
1612 1204 1923 1280 animalis»,
1968 1206 2045 1268 ut
2078 1204 2224 1268 illae
2273 1204 2626 1286 superiores
2672 1205 2739 1267 in
2784 1224 2920 1268 me-

465 1312 642 1376 dium
687 1313 899 1376 locum
943 1311 1167 1376 mundi
1213 1312 1525 1393 gravitate
1573 1310 1864 1376 ferantur
1909 1312 1976 1376 et
2019 1311 2313 1394 pondere,
2360 1311 2451 1375 sic
2492 1311 2612 1375 hae
2661 1330 2919 1375 rursum

464 1420 653 1482 rectis
686 1419 868 1482 lineis
899 1419 965 1482 in
999 1418 1341 1482 caelestem
1371 1418 1582 1482 locum
1616 1418 1968 1495 subvolent,
2000 1418 2129 1482 sive
2161 1418 2300 1501 ipsa
2330 1419 2562 1482 natura
2594 1419 2920 1501 superiora

466 1528 824 1608 appetente,
873 1525 1002 1590 sive
1037 1525 1205 1606 quod
1238 1543 1276 1588 a
1307 1525 1698 1606 gravioribus
1728 1525 1967 1588 leviora
1996 1526 2231 1589 natura
2260 1524 2667 1607 repellantur.
2739 1523 2919 1602 Quae

466 1651 612 1695 cum
659 1634 981 1709 constent,
1027 1631 1436 1715 perspicuum
1481 1631 1670 1696 debet
1715 1650 1853 1695 esse
1903 1630 2177 1709 animoS,
2237 1650 2385 1695 cum
2433 1651 2464 1695 e
2513 1650 2766 1714 corpore
2816 1650 2921 1704 exss

467 1738 789 1814 cesserint,
822 1738 953 1802 sive
983 1739 1079 1801 illi
1110 1738 1242 1801 sint
1274 1738 1599 1813 animaleS‚
1631 1737 1697 1800 id
1729 1739 1829 1802 est
1859 1737 2205 1821 spirabile8‚
2253 1739 2384 1802 sive
2416 1738 2600 1819 ignei,
2648 1737 2920 1801 sublime

465 1844 631 1908 ferri.
727 1844 796 1908 Si
839 1863 986 1909 vero
1043 1847 1158 1908 aut
1208 1863 1516 1909 numerus
1566 1845 1826 1926 quidam
1883 1847 1983 1909 est
2037 1844 2321 1921 animm,
2383 1845 2548 1926 quod
2599 1844 2923 1908 subtiliter

463 2091 692 2146 Vokativ
730 2109 798 2145 zu
833 2096 1047 2146 mactus
1096 2094 1224 2162 (von
1260 2093 1517 2161 maynus)
1570 2091 1932 2159 „vollendet“
1987 2091 2042 2144 in
2080 2092 2176 2145 der
2211 2090 2585 2159 Kultspraohe.
2644 2122 2711 2130 —-
2768 2107 2922 2143 erra-

464 2180 657 2250 verim]
699 2206 764 2224 =
802 2198 977 2234 errem
1013 2180 1249 2250 (Schluss
1285 2182 1481 2249 ..υ..).
1532 2213 1599 2220 -
1650 2181 1987 2250 dubitamus]
2025 2181 2124 2233 mit
2161 2182 2287 2234 Acc.
2327 2196 2372 2233 c.
2411 2181 2519 2234 Inf.
2593 2185 2797 2233 terram
2834 2219 2846 2231 .
2871 2219 2881 2230 .
2908 2219 2920 2231 .

464 2269 722 2336 obtinere,
776 2269 1112 2323 dazwischen
1147 2269 1292 2323 sieut
1319 2270 1578 2339 pleraque
1630 2269 1797 2338 (‚,wie
1845 2286 1914 2323 an
1949 2271 2072 2323 dem
2107 2269 2332 2323 meisten
2349 2270 2402 2336 “)
2450 2270 2560 2324 und
2597 2269 2682 2324 die
2718 2269 2924 2322 Paren-

466 2358 618 2415 these
653 2375 990 2427 quamquam
1024 2358 1121 2411 hoc
1148 2357 1366 2428 quidem
1404 2358 1658 2430 (namlich
1695 2364 1901 2412 terram
1928 2359 2179 2427 obtinere)
2215 2358 2452 2412 minume
2487 2361 2734 2429 (erganze
2762 2357 2924 2412 dubi-

464 2453 647 2502 tamus
684 2448 814 2502 oder
846 2448 1210 2502 dubitandum
1234 2448 1358 2517 est);
1388 2449 1719 2518 persuadent
1744 2449 1897 2502 envbm
1922 2449 2308 2503 mathematici
2376 2448 2567 2503 Solche
2603 2447 2924 2518 Satzgefiige

464 2536 609 2591 murs
645 2553 770 2590 man
805 2537 929 2591 dem
965 2537 1401 2605 Gedankenfluge
1431 2536 1646 2593 Ciceros
1684 2538 2074 2606 entsprechend
2110 2537 2167 2591 in
2203 2538 2446 2592 raschem
2476 2539 2619 2607 Zuge
2653 2537 2820 2592 lesen.
2851 2568 2924 2577 —-

465 2627 708 2700 κέντρον]
749 2626 925 2694 „Dass
961 2626 1047 2680 die
1084 2626 1224 2680 Erde
1261 2626 1321 2679 in
1353 2627 1450 2680 der
1485 2627 1641 2680 Mitte
1678 2627 1776 2681 der
1812 2626 1962 2681 Welt
2010 2627 2147 2696 liege
2195 2628 2304 2681 und
2340 2629 2415 2680 im
2450 2626 2761 2681 Verhffltnis
2797 2643 2925 2680 zum

465 2714 704 2782 Umfang
751 2715 846 2768 des
895 2717 1168 2783 gesamten
1204 2715 1469 2769 Himmels
1517 2733 1622 2769 nur
1657 2716 2118 2785 gewissermassen
2163 2716 2320 2771 einen
2357 2717 2538 2771 Punkt
2573 2717 2854 2772 einnehme
2869 2720 2924 2784 “‚

466 2802 588 2858 teilt
623 2803 809 2859 Cicero
859 2803 997 2858 wohl
1047 2804 1122 2857 im
1157 2804 1451 2860 Anschluss
1502 2822 1570 2859 an
1607 2805 1923 2860 Posidonius
1972 2805 2085 2859 mit.
2161 2808 2238 2861 Zu
2288 2807 2385 2861 der
2419 2805 2765 2876 Vorstellung
2810 2806 2926 2859 und

465 2893 572 2948 den
607 2893 959 2947 Ausdriioken
993 2894 1066 2947 ist
1102 2911 1169 2948 zu
1203 2893 1550 2964 vergleichen
1585 2896 1669 2949 De
1705 2897 1813 2949 nat.
1852 2895 1996 2950 deor.
2034 2896 2107 2963 H,
2145 2897 2242 2951 91:
2292 2895 2605 2964 „Principio
2642 2896 2786 2949 terra
2820 2894 2928 2949 sita

465 2980 523 3034 in
559 2981 736 3036 media
770 2985 920 3051 parte
957 2983 1145 3037 mundi
1182 2984 1508 3048 circumfusa
1541 2984 1778 3051 undique
1817 2986 1901 3037 est
1946 2984 2046 3037 hac
2082 2983 2300 3038 animali
2336 2983 2678 3053 spirabilique
2714 2985 2925 3051 natura,

468 3070 556 3124 cui
591 3087 789 3124 nomen
827 3072 909 3125 est
946 3075 1092 3139 aer,
1133 3072 1395 3125 Graecum
1432 3071 1564 3125 illud
1602 3071 1848 3141 quidem,
1900 3073 1995 3126 sed
2032 3074 2342 3142 perceptum
2386 3073 2499 3127 iam
2536 3075 2716 3128 tamen
2751 3088 2854 3126 usu
2880 3060 2930 3127 ¹a.

466 3158 678 3213 nostris,
710 3200 722 3212 .
745 3199 757 3212 .
779 3199 792 3212 .
831 3160 990 3213 Hunc
1017 3176 1203 3214 rursus
1230 3159 1572 3230 amplectitur
1605 3162 1901 3216 immensus
1938 3162 2097 3216 aeth
2113 3179 2211 3229 er,
2252 3162 2343 3231 qui
2380 3165 2588 3217 constat
2622 3180 2692 3216 ex
2728 3161 2928 3216 altissi-

466 3247 570 3302 mis
605 3247 832 3316 ignibus,
886 3248 1198 3303 Mutuemur
1225 3248 1557 3319 (entlehnen)
1597 3251 1699 3303 hoc
1738 3266 1947 3320 quoque
1985 3250 2207 3305 verbum
2244 3251 2555 3320 dicaturque
2592 3254 2703 3304 tam
2738 3251 2932 3305 aether

467 3336 671 3405 Latine,
711 3354 869 3406 quam
896 3337 1092 3392 dicitur
1127 3342 1233 3405 aer,
1274 3338 1373 3392 etsi
1407 3338 1792 3407 interpretatur
1818 3340 2091 3408 (Deutung
2114 3340 2246 3408 gibt)
2273 3339 2569 3393 Pacuvius:
2606 3339 2742 3406 Hoc,
2781 3341 2931 3407 quod

468 3442 730 3493 memor0‚
777 3427 1009 3481 nostri
1046 3427 1347 3494 caelum,
1387 3427 1531 3481 Graii
1566 3428 1850 3496 perhibent
1886 3430 2143 3496 (nennen)
2180 3428 2448 3481 aethera.“
2521 3426 2620 3481 Bei
2657 3427 2753 3482 Ov.
2792 3428 2927 3483 Met.

468 3515 520 3583 Ι,
559 3517 656 3571 23;
708 3515 923 3584 „spisso
963 3557 975 3569 .
1000 3558 1012 3569 .
1034 3557 1046 3570 .
1087 3518 1273 3571 abre‘fl
1324 3547 1392 3556 —
1443 3516 1637 3571 omnia
1674 3516 2022 3586 yiqnentium
2066 3517 2372 3586 corporum]
2426 3516 2569 3583 „der
2605 3515 2760 3586 (vier)
2796 3516 2929 3572 Ele-

466 3606 647 3658 mente
685 3607 983 3678 (στοιχεῖα,
1035 3606 1221 3678 ἀρχαί)
1237 3646 1251 3674 ,
1301 3621 1397 3659 aus
1433 3605 1608 3659 denen
1646 3604 1732 3659 die
1768 3621 1935 3674 ganze
1973 3604 2277 3674 (sichtbare)
2314 3605 2467 3659 Welt
2515 3606 2812 3660 entsteht“.
2854 3638 2928 3647 --

467 3695 758 3763 momenta]
797 3694 1248 3763 ,‚Bewegungen,
1287 3693 1680 3749 Gravitation“.
1734 3725 1801 3734 --
1848 3695 2051 3763 suopte]
2089 3695 2356 3749 verstarkt
2391 3698 2529 3749 etwa
2572 3695 2666 3749 fiir
2708 3713 2807 3750 suo
2857 3713 2932 3750 aa

460 3781 704 3849 proprio.
744 3813 812 3822 —
848 3784 1007 3852 nutu]
1039 3823 1070 3851 ,‚
1084 3783 1210 3851 Zug‚
1240 3782 1754 3851 Schwergewicht“;
1791 3783 1866 3836 ad
1891 3800 2058 3852 pares
2093 3784 2321 3852 anyulos
2359 3821 2391 3851 ,‚
2405 3783 2463 3837 in
2497 3783 2741 3854 gleichen
2764 3784 2930 3838 Win-

468 3867 641 3922 keln“
680 3870 768 3940 (R)
806 3872 1256 3940 („senkrecht“);
1292 3872 1547 3940 ferantur
1583 3912 1616 3940 „
1632 3871 1849 3941 fliegem
1886 3871 2056 3926 fallen
2070 3872 2117 3925 “.
2157 3903 2225 3912 —
2270 3873 2564 3943 animalis]
2601 3873 2704 3927 wie
2738 3873 2930 3943 spira-

467 3957 598 4011 bilis
637 3958 1056 4029 „hauchartig“.
1109 3992 1178 4001 —-
1225 3961 1388 4015 rectis
1434 3960 1598 4015 luteis
1646 4002 1659 4014 .
1692 4001 1703 4014 .
1736 4001 1747 4014 .
1792 3960 2084 4030 subvolent]
2125 4000 2157 4029 ,‚
2171 3959 2228 4014 in
2273 3963 2493 4016 rechten
2528 3962 2782 4016 Winkeln
2818 3979 2932 4017 von

468 4050 636 4101 unten
672 4048 1056 4118 emporfliegen
1070 4050 1119 4102 “.
1169 4080 1237 4089 —
1281 4050 1395 4104 sive
1429 4050 1558 4120 ipsa
1591 4055 1800 4105 natura
1838 4091 1850 4103 .
1873 4091 1885 4104 .
1908 4091 1920 4103 .
1958 4052 2248 4120 appetente]
2287 4090 2320 4120 „
2334 4051 2413 4105 sei
2447 4052 2564 4106 dass
2599 4050 2685 4105 ihr
2719 4051 2932 4106 Wesen

468 4153 574 4189 von
610 4136 778 4191 selbst
813 4138 1229 4207 emporstrebt“.
1268 4169 1336 4178 —
1381 4144 1588 4193 natura
1623 4139 1972 4209 repellantur]
2012 4179 2044 4208 „
2058 4142 2416 4209 naturgemafs
2453 4140 2931 4209 zuriickgedrangt,

469 4225 807 4293 abgestol'sen
844 4225 1039 4280 wird“.
1089 4257 1162 4267 —
1210 4244 1338 4281 eum
1373 4231 1631 4299 constent]
1671 4229 1772 4283 wie
1818 4229 1956 4283 oben
2000 4228 2236 4284 minime
2273 4230 2654 4298 (dubitemdum
2701 4232 2814 4298 est).
2856 4262 2933 4271 --

468 4314 699 4368 sublime
732 4314 901 4385 ferri]
940 4355 972 4383 „
987 4315 1043 4370 in
1080 4315 1167 4370 die
1203 4316 1359 4371 the
1394 4316 1605 4386 fabren,
1646 4317 2113 4386 emporschweben
2127 4321 2175 4370 “.
