3221 4850
1293 293 1406 347 Lib.
1444 294 1489 361 1,
1528 309 1573 347 ο.
1612 295 1841 349 37—38.
2722 292 2797 353 8⁹

335 473 569 520 nonem
629 456 789 520 nihil
846 455 1154 520 interesse
1226 474 1345 520 nec
1403 456 1604 538 pluris
1665 475 1837 520 nunc
1896 455 2102 521 facere
2149 456 2235 520 M.
2284 456 2628 522 Camillum
2674 458 2794 523 hoc

339 563 521 628 civile
580 563 820 627 bellum
838 611 853 640 ‚
914 581 1110 644 quam
1166 581 1281 644 ego
1328 563 1437 627 illo
1485 563 1627 628 vivo
1673 562 1932 627 fecerim
1978 561 2251 628 Romam
2297 566 2570 647 captam.
2663 564 2793 630 Cur

339 669 537 751 igitur
583 671 649 733 et
688 668 1000 735 Camillus
1047 669 1306 745 doleret,
1354 668 1409 732 si
1452 670 1613 734 haec
1660 671 1804 752 post
1846 670 2164 734 trecentos
2212 671 2280 734 et
2328 670 2793 753 quinquaginta

340 775 470 840 fere
532 794 731 840 annos
779 777 1087 840 eventura
1149 777 1439 859 putaret,
1498 778 1565 841 et
1609 795 1726 858 ego
1773 776 2054 854 doleam,
2114 777 2170 840 si
2224 776 2306 841 ad
2351 777 2571 843 decem
2618 779 2793 843 milia

341 901 653 947 annorum
718 884 975 965 gentem
1036 881 1318 964 aliquam
1378 883 1533 948 urbe
1592 884 1814 947 nostra
1873 883 2223 966 potituram
2268 886 2536 967 putem?
2628 884 2795 964 Quia

339 991 525 1054 tanta
587 989 820 1054 caritas
879 988 1124 1072 patriae
1187 991 1313 1066 est,
1381 991 1457 1053 ut
1503 1008 1645 1054 eam
1692 1009 1820 1054 non
1866 1008 2060 1055 sensu
2103 992 2352 1068 nostro,
2413 990 2523 1054 sed
2585 992 2792 1057 salute

339 1095 540 1179 ipsius
610 1096 974 1161 metiamur.
1085 1096 1316 1178 Itaque
1384 1115 1513 1160 non
1582 1096 1865 1161 deterret
1933 1097 2287 1180 sapientem
2354 1116 2557 1176 mors,
2627 1117 2789 1181 quae
2812 1084 2900 1147 38

338 1205 597 1286 propter
654 1203 929 1268 incertos
991 1220 1176 1267 casus
1238 1202 1464 1268 cotidie
1510 1203 1836 1281 imminet,
1894 1204 2153 1287 propter
2200 1204 2578 1269 brevitatem
2624 1206 2793 1271 vitae
2817 1172 2879 1214 ⁹¹

335 1328 694 1391 numquam
752 1310 966 1392 potest
1025 1309 1213 1391 longe
1274 1309 1525 1387 abesse,
1597 1328 1722 1391 quo
1781 1309 1995 1374 minus
2056 1310 2125 1374 in
2171 1329 2356 1376 omne
2400 1312 2656 1394 tempus
2703 1313 2799 1378 rei

341 1416 631 1499 publicae
679 1417 941 1497 suisque
986 1416 1281 1480 consulat
1327 1418 1443 1480 aut
1487 1417 1933 1499 posteritatem
1979 1417 2186 1501 ipsam
2203 1465 2219 1495 ,
2287 1418 2470 1483 cuius
2533 1437 2793 1485 sensum

344 1522 683 1587 habiturus
729 1541 859 1586 non
890 1523 993 1601 sit,
1039 1522 1120 1587 ad
1167 1541 1234 1586 se
1281 1525 1469 1605 putet
1513 1523 1847 1606 pertinere.
1940 1522 2151 1602 Quare
2197 1524 2349 1588 licet
2391 1526 2587 1590 etiam
2634 1546 2801 1592 mor-

333 1611 544 1694 talem
590 1648 730 1694 esse
778 1630 1064 1693 animum
1109 1627 1501 1694 iudicantem
1564 1632 1824 1694 aeterna
1869 1630 2108 1709 moliri,
2171 1650 2299 1695 non
2344 1632 2580 1713 gloriae
2627 1635 2801 1717 cupi-

348 1737 565 1813 ditate,
614 1755 809 1819 quam
842 1755 1147 1801 sensurus
1178 1755 1306 1801 non
1336 1737 1441 1814 sit,
1487 1736 1600 1801 sed
1631 1737 1908 1816 virtutis,
1956 1756 2151 1820 quam
2179 1739 2535 1803 necessario
2581 1741 2800 1822 gloria,

347 1844 599 1909 etiamsi
646 1846 719 1907 tu
761 1844 829 1907 id
873 1862 1001 1908 non
1048 1862 1219 1925 agae,
1266 1844 1711 1925 consequatur.

524 1950 776 2014 Natura
836 1969 982 2015 vero
1037 1950 1098 2013 si
1158 1970 1225 2014 se
1287 1952 1379 2014 sic
1435 1951 1664 2029 habet,
1724 1952 1828 2029 ut,
1891 1970 2015 2034 quo
2075 1952 2261 2017 modo
2306 1953 2560 2017 initium
2618 1955 2799 2019 nobis

345 2076 562 2121 rerum
622 2057 909 2121 omnium
969 2060 1148 2121 ortus
1208 2058 1426 2121 noster
1487 2056 1768 2134 adferat,
1833 2058 1924 2122 sic
1970 2059 2212 2123 exitum
2256 2079 2429 2125 mors
2447 2109 2462 2137 ,
2521 2063 2596 2125 ut
2640 2062 2800 2125 nihil

344 2164 655 2247 pertinuit
714 2164 792 2228 ad
852 2182 968 2228 nos
1030 2166 1178 2228 ante
1240 2165 1483 2242 ortum,
1553 2164 1646 2228 sic
1702 2164 1864 2228 nihil
1922 2166 2068 2248 post
2121 2168 2395 2231 mortem
2439 2167 2800 2250 pertinebit.

344 2271 424 2335 In
473 2290 596 2353 quo
646 2270 799 2352 quid
857 2271 1070 2354 potest
1131 2288 1269 2335 esse
1315 2270 1501 2347 mali,
1560 2289 1707 2334 cum
1752 2290 1926 2335 mors
1971 2290 2090 2336 nec
2137 2271 2219 2336 ad
2264 2272 2438 2337 vivos
2483 2274 2802 2356 pertineat
2918 2306 2921 2309 >

345 2554 558 2623 grossen
593 2553 796 2622 Konig3
837 2569 905 2607 so
940 2553 1090 2606 wirft
1125 2552 1454 2608 Meneklides
1491 2554 1616 2607 dem
1651 2554 2041 2622 Epaminondas
2077 2571 2199 2622 vor,
2237 2555 2353 2610 dass
2388 2573 2449 2610 61
2483 2557 2587 2610 (1611
2624 2557 2801 2610 Ruhm

348 2642 495 2696 eines
544 2645 910 2710 Agamemnon
963 2642 1242 2696 erreichen
1292 2642 1447 2696 wolle
1493 2643 1565 2712 (N
1568 2659 1677 2711 ep.,
1728 2643 1909 2712 Epam.
1950 2660 1996 2698 c.
2033 2644 2105 2713 5).
2159 2675 2228 2684 -
2277 2662 2375 2699 nee
2416 2646 2605 2715 pluris
2652 2663 2802 2700 nunc

344 2731 540 2800 facere]
592 2770 624 2798 „
638 2732 750 2784 und
788 2731 905 2785 dass
941 2730 1058 2784 sich
1090 2731 1224 2799 J'etzt
1260 2731 1634 2800 ehensowenig
1668 2732 1944 2786 kiimmere
1959 2733 2007 2786 ⁴⁴.
2059 2764 2127 2772 ——
2177 2733 2252 2786 M.
2301 2734 2587 2805 Camillus]
2640 2737 2804 2790 rettet

344 2824 452 2877 390
489 2823 635 2890 (386)
672 2837 723 2873 v.
764 2819 887 2876 Chr.
925 2820 1062 2874 Rom
1107 2821 1246 2874 nach
1292 2820 1414 2874 dem
1458 2821 1572 2875 dies
1610 2821 1874 2875 Alliensis
1911 2825 2018 2892 (18.
2055 2822 2204 2891 Juli).
2258 2855 2320 2862 —-
2373 2824 2470 2877 hoc
2505 2824 2663 2879 civile
2699 2825 2801 2879 bel-

346 2910 482 2978 lum]
532 2908 958 2978 Abgeschlossen
1005 2908 1077 2962 ist
1119 2910 1216 2962 der
1250 2909 1610 2979 Biirgerkrieg
1648 2911 1785 2965 auch
1820 2913 1892 2966 45
1928 2928 1979 2964 v.
2019 2911 2142 2966 Chr.
2182 2912 2321 2966 noch
2368 2913 2534 2966 nicht.
2586 2945 2654 2953 ——
2704 2914 2802 2968 illo

343 2998 463 3052 vivo
501 3038 513 3051 .
542 3039 553 3051 .
583 3039 594 3051 .
634 3000 938 3068 captam],
943 2998 1053 3065 ,(116
1100 3015 1169 3051 zu
1212 2999 1405 3052 (1636611
1443 2998 1731 3053 Lebzeiten
1769 3000 1994 3069 erfolgte
2032 3000 2328 3055 Einnahme
2343 3004 2392 3054 ⁴⁴.
2440 3034 2510 3042 --
2555 3003 2801 3072 fecerim]

345 3086 669 3141 Potentialis.
727 3118 795 3126 ——
858 3088 1069 3157 doleret]
1123 3087 1439 3142 Potentialis
1492 3088 1589 3142 der
1641 3089 2088 3158 Vergangenheit.
2146 3122 2214 3130 —
2277 3092 2388 3158 fere
2441 3094 2638 3162 annos]
2695 3092 2804 3146 Um

346 3175 447 3229 wie
495 3175 634 3230 viele
681 3176 714 3230 J
717 3176 847 3231 ahre
894 3176 988 3230 hat
1036 3176 1121 3230 die
1159 3177 1577 3246 approximative
1614 3177 1913 3247 Rechnung
1958 3179 2173 3232 zuviel?
2222 3211 2290 3219 —
2339 3181 2462 3234 ad.
2492 3183 2635 3250 ..],
2639 3181 2806 3249 ,nach

345 3264 575 3319 Verlaus
608 3281 714 3319 von
754 3306 766 3318 .
790 3305 801 3317 .
825 3288 868 3333 .;
918 3265 1020 3318 in⁴⁴
1078 3297 1145 3305 —
1196 3265 1404 3319 caritas
1434 3265 1674 3336 patriae]
1725 3267 1859 3321 Eine
1907 3267 2155 3336 negative
2191 3270 2437 3323 Antwort
2483 3271 2578 3323 auf
2618 3276 2805 3339 putem

346 3354 524 3421 (nulla
572 3371 744 3408 causa
792 3357 888 3422 est)
938 3307 1330 3422 widersprache
1381 3355 1503 3409 dem
1554 3355 2076 3411 Staatsbewusstsein
2127 3356 2366 3427 CicerOS,
2417 3359 2584 3412 daher
2629 3358 2803 3428 gleich

344 3441 429 3496 die
467 3442 764 3512 Erklarung
809 3444 903 3496 fiir
949 3443 1033 3497 die
1082 3443 1513 3513 weitergehende
1560 3444 1824 3514 Fiirsorge
1869 3446 1966 3499 des
2012 3446 2588 3502 Vaterlandsfreundes
2602 3488 2616 3515 ,
2666 3447 2804 3502 auch

345 3547 504 3584 wenn
540 3532 627 3585 die
664 3531 855 3586 Seelen
891 3532 1145 3587 sterblich
1180 3532 1314 3587 sind.
1390 3533 1521 3589 Was
1567 3533 1722 3587 sollte
1760 3534 1847 3588 die
1882 3534 2148 3603 Fiirsorge
2183 3535 2253 3587 im
2294 3535 2803 3590 Unsterblichkeits-

347 3619 543 3674 beweis
580 3620 850 3689 bezeugen
865 3622 892 3674 ⁴?

493 3781 645 3850 Καρ.
683 3782 781 3840 38.
862 3794 943 3835 91.
991 3781 1153 3836 ouius
1203 3799 1425 3836 sensum
1462 3782 1754 3837 habiturus
1800 3800 1913 3836 non
1948 3783 2044 3853 sit]
2094 3823 2127 3851 „
2144 3783 2351 3837 obwohl
2390 3802 2450 3839 er
2495 3786 2613 3839 sich
2646 3785 2802 3841 keine

343 3869 708 3940 Empfindung
743 3886 849 3925 von
885 3870 971 3923 ihr
1006 3872 1367 3940 versprechen
1405 3872 1527 3925 darf
1541 3875 1590 3924 ⁴⁴.
1649 3903 1718 3912 -
1774 3872 1897 3925 licet
1935 3913 1947 3926 .
1971 3913 2018 3925 ..
2058 3872 2416 3945 iudicantem]
2457 3884 2628 3943 „man
2663 3876 2803 3930 kann

344 3959 483 4011 trotz
529 3959 625 4012 der
660 3948 1099 4028 Uberzeugung“
1116 4002 1130 4030 ,
1187 3963 1364 4024 ἔξεστι
1409 3964 1689 4033 κεκρικότα
1738 3962 2070 4034 (ἐγνωκότα).
2154 3962 2268 4016 Der
2301 3963 2688 4033 Widerspruch
2737 3981 2806 4018 zu

345 4049 377 4117 ἓ
411 4050 481 4103 31
521 4050 656 4102 sffirt
692 4049 797 4102 den
833 4049 1239 4118 Vortragenden
1291 4066 1381 4103 um
1419 4065 1478 4103 so
1513 4050 1784 4119 weniger,
1840 4050 1919 4104 als
1969 4067 2029 4105 61
2074 4068 2139 4106 an
2189 4051 2369 4120 jedem
2405 4051 2526 4106 Satz
2572 4069 2678 4106 nur
2711 4053 2804 4106 das

345 4135 845 4191 Wahrscheinliohe
907 4137 1279 4193 hervorkehrt.
1345 4170 1413 4178 --
1479 4144 1698 4192 aeterna
1762 4139 1985 4209 moliri]
2053 4179 2085 4208 „
2099 4140 2548 4210 Ewigdauerndes
2610 4140 2804 4195 leisten

342 4224 539 4279 wollen
553 4228 601 4277 ⁴⁴.
660 4257 729 4265 —-
776 4225 839 4279 id
870 4244 986 4280 non
1019 4229 1175 4297 aya-s]
1225 4227 1426 4295 „nicht
1460 4228 1651 4281 darauf
1686 4243 1782 4282 aus
1817 4228 1947 4282 ist⁴⁴.
2005 4260 2073 4268 ——
2129 4229 2351 4283 Natura
2385 4247 2504 4283 vero
2539 4228 2598 4282 si
2629 4246 2686 4282 se
2719 4228 2803 4282 sic

341 4313 513 4383 habet]
554 4313 678 4382 „Ist
714 4329 772 4368 es
809 4315 936 4369 aber
970 4315 1027 4368 in
1064 4317 1163 4370 der
1198 4315 1376 4370 Natur
1411 4316 1774 4385 begriindet⁴⁴.
