3221 4850
1235 345 1351 401 Lib.
1389 345 1434 414 Ι,
1472 361 1518 399 c.
1558 347 1786 401 19—20.
2675 341 2746 400 57

510 510 913 597 Europam
957 509 1463 592 Libyamque
1510 526 1761 590 rapax
1805 506 1942 571 ubi
1988 505 2294 570 dividit
2337 506 2582 582 unda,

289 634 455 717 quod
505 635 768 701 tandem
815 635 1253 718 spectaculum
1299 633 1429 698 fore
1476 634 1783 717 putamus
1800 680 1816 709 ,
1875 650 2022 696 cum
2067 633 2270 696 totam
2314 633 2556 696 terram
2602 650 2748 696 con-

286 740 457 806 tueri
500 741 717 808 licebit
763 743 1026 828 eiusque
1075 761 1222 806 cum
1269 741 1490 816 situm,
1537 738 1836 816 formam,
1883 738 2559 821 circumscriptionem,
2606 739 2747 802 tum

289 850 356 913 et
399 849 778 914 habitabiles
826 849 1113 931 regiones
1162 853 1228 912 et
1272 866 1529 911 rursum
1577 846 1753 910 omni
1797 846 1977 909 cultu
2022 846 2283 928 propter
2328 844 2458 908 vim
2495 843 2746 927 frigoris

290 957 404 1020 aut
450 956 679 1019 caloris
725 957 1071 1020 vacantes?
1152 954 1284 1019 Nos
1333 953 1504 1019 enim
1548 973 1629 1018 ne
1676 972 1847 1017 nunc
1878 951 2137 1034 quidem
2184 952 2382 1016 oculis
2429 952 2746 1016 cernimus
2767 974 2831 1017 4ο

290 1080 397 1139 ea,
460 1081 622 1143 quae
667 1063 991 1136 videmus;
1047 1080 1256 1143 neque
1303 1062 1402 1126 est
1447 1061 1617 1125 enim
1663 1060 1837 1124 ullus
1885 1078 2111 1123 sensus
2156 1058 2224 1123 in
2272 1077 2555 1141 corpore,
2618 1057 2746 1136 sed,

288 1170 366 1233 ut
408 1188 538 1232 non
569 1169 815 1251 physici
862 1170 1070 1233 solum
1101 1168 1346 1246 docent,
1392 1186 1616 1233 verum
1661 1167 1856 1232 etiam
1902 1166 2150 1244 medici,
2198 1166 2310 1248 qui
2352 1165 2480 1230 ista
2526 1167 2749 1249 aperta

290 1276 358 1339 et
414 1274 736 1358 patefacta
793 1275 1121 1352 viderunt,
1183 1275 1322 1339 viae
1383 1273 1567 1356 quasi
1628 1272 1943 1356 quaedam
2004 1275 2158 1338 sunt
2216 1272 2295 1337 ad
2358 1273 2603 1350 oculos,
2666 1271 2747 1335 ad

290 1399 505 1459 aures,
563 1381 643 1445 ad
689 1401 877 1446 nares
926 1401 964 1446 a
1010 1381 1158 1446 sede
1205 1382 1397 1446 animi
1447 1380 1820 1464 perforatae.
1909 1380 2141 1462 Itaque
2189 1398 2374 1464 saepe
2424 1381 2537 1443 aut
2581 1380 2749 1461 cogi-

291 1488 533 1552 tatione
604 1491 719 1552 aut
778 1489 994 1570 aliqua
1051 1489 1116 1552 vi
1174 1488 1378 1552 morbi
1435 1487 1727 1571 impediti
1785 1487 2020 1569 apertis
2091 1489 2285 1567 atque
2347 1487 2613 1568 integris
2683 1487 2749 1551 et

292 1594 490 1659 oculis
552 1597 619 1658 et
678 1596 936 1660 auribus
995 1614 1114 1660 nec
1174 1594 1463 1660 videmus
1522 1613 1642 1659 nec
1702 1594 2029 1672 audimus,
2089 1597 2165 1658 ut
2223 1592 2404 1659 facile
2464 1592 2750 1675 intellegi

290 1702 494 1784 possit
548 1701 834 1766 animum
890 1704 958 1767 et
1002 1701 1216 1767 videre
1273 1703 1339 1766 et
1384 1700 1636 1779 audire,
1693 1719 1820 1765 non
1876 1719 1984 1765 eas
2039 1703 2285 1785 partes,
2344 1719 2510 1782 quae
2567 1699 2751 1782 quasi

292 1967 381 2022 ein
416 1967 825 2022 Standardwork
873 1972 1012 2042 Περὶ
1042 1964 1322 2022 Ὠκεανοῦ.
1380 1996 1449 2006 --
1504 1966 1791 2035 Europam
1828 2007 1841 2019 .
1864 2006 1877 2020 .
1899 1967 1935 2035 .]
1972 1965 2264 2019 Vielleicht
2312 1966 2449 2019 auch
2485 1965 2574 2019 ein
2608 1965 2749 2019 Vers

291 2057 387 2110 des
421 2056 643 2110 Ennius.
681 2086 752 2096 —
786 2056 959 2124 unda]
996 2054 1150 2109 Nach
1185 2055 1268 2109 De
1305 2056 1412 2108 nat.
1451 2055 1593 2109 deor.
1632 2054 1734 2122 ΠΙ,
1773 2056 1843 2110 24
1877 2071 1990 2109 war
2024 2056 2119 2108 das
2153 2055 2424 2109 Interesse
2461 2070 2530 2108 an
2565 2053 2751 2108 diesen

291 2146 402 2199 und
437 2144 725 2200 ahnlichen
761 2144 1008 2198 Punkten
1043 2145 1149 2198 den
1185 2143 1743 2213 Meeresstromungen
1780 2145 2095 2213 zugewandt
2129 2143 2297 2215 (Ebbe
2333 2144 2445 2197 und
2482 2142 2642 2213 Flut).
2682 2174 2751 2184 —

292 2233 563 2303 concolori]
601 2232 735 2287 malt
760 2233 847 2287 die
867 2232 1226 2302 Augenweide
1253 2233 1696 2303 (spectaculum):
1736 2234 1874 2300 „das
1909 2233 2225 2286 Erdenrund
2261 2232 2361 2286 mit
2397 2231 2574 2287 einem
2600 2231 2750 2286 Blick

292 2321 664 2377 iiberschauen
679 2325 740 2392 “3
777 2321 862 2376 die
899 2321 1224 2391 Gliederung
1259 2338 1386 2376 eum
1423 2362 1436 2375 .
1459 2362 1471 2375 .
1494 2362 1506 2374 .
1545 2327 1665 2376 tum
1699 2327 1749 2375 et
1785 2362 1798 2374 .
1820 2362 1832 2375 .
1855 2362 1868 2375 .
1905 2327 1955 2375 et
1988 2339 2216 2376 rursum
2263 2321 2613 2391 beabsichfigt
2655 2322 2751 2376 das

294 2411 529 2467 Gleiche.
551 2444 619 2452 —
637 2411 900 2482 formam]
921 2452 954 2479 ,,
969 2411 1174 2466 Gestalt
1189 2410 1551 2482 (Oberflache)
1566 2414 1616 2464 “.
1638 2443 1706 2452 —
1726 2410 2311 2481 circum-emptionem]
2333 2411 2685 2479 „Grenzen“.
2699 2445 2750 2456 -

293 2502 451 2556 omni
483 2502 652 2571 cultu]
691 2517 843 2571 „von
879 2501 1037 2555 allem
1074 2502 1328 2569 Anbau“‚
1366 2500 1473 2570 vgl.
1512 2516 1623 2555 was
1648 2500 1860 2556 Tacitus
1896 2517 2003 2555 von
2026 2500 2394 2556 Deutschland
2430 2503 2570 2570 sagt:
2610 2502 2750 2570 „tri-

294 2593 432 2646 stem
468 2590 617 2645 cultu
654 2590 1077 2660 adspectuque“.
1151 2590 1253 2645 Die
1290 2590 1647 2660 Schilderung
1680 2591 1777 2644 der
1814 2591 1991 2644 Zonen
2038 2590 2207 2645 bildet
2253 2591 2347 2644 fiir
2380 2590 2605 2645 Dichter
2638 2590 2752 2645 und

293 2679 574 2733 Prosaiker
610 2678 768 2733 einen
806 2679 1071 2733 beliebten
1107 2679 1265 2734 Stofl.
1306 2710 1374 2719 —
1409 2678 1640 2748 frigoris
1660 2720 1673 2732 .
1696 2719 1708 2732 .
1731 2720 1743 2733 .
1764 2679 1987 2748 caloris]
2017 2679 2165 2748 VgL:
2198 2686 2383 2735 Ζωναὶ
2412 2684 2503 2736 ἐπὶ
2534 2691 2627 2750 τῆς
2653 2692 2753 2752 γῆς

296 2774 404 2823 εἰσι
442 2773 628 2823 πέντε
667 2772 853 2842 πρώτη
887 2770 1096 2839 βόρειος
1134 2770 1272 2839 ὑπὲρ
1296 2771 1396 2823 τὸν
1423 2771 1678 2840 ἀρκτικὸν
1712 2773 1924 2836 κύκλον,
1963 2772 2218 2838 ἀοίκητος
2246 2772 2342 2825 διὰ
2373 2782 2565 2843 ψῦχος.
2624 2772 2750 2825 dev·

296 2862 424 2932 τέρα
463 2862 744 2931 εὔκρατος’
784 2863 935 2929 τρίτη
973 2860 1225 2924 ἀοίκητος
1265 2860 1374 2912 ὑπὸ
1408 2861 1711 2931 καύματος,
1763 2861 1794 2925 ἡ
1833 2860 2234 2933 διακεκαυμένη
2270 2864 2608 2932 καλουμένη·
2668 2880 2752 2915 τε·

296 2951 464 3017 τᾶρτη
514 2950 545 3014 ἡ
595 2949 957 3020 ἀντεύκρατος
1005 2948 1053 3015 (ἓ
1091 2948 1160 3001 68
1207 2946 1536 3018 ἀντίχθων)·
1613 2952 1843 3020 πέμπτη
1890 2949 2072 3010 νότιος
2107 2948 2445 3017 (australis),
2504 2952 2754 3017 ἀοίκητος

296 3037 396 3090 διὰ
434 3046 615 3108 ψῦχος
650 3034 719 3102 (J.
756 3051 809 3087 v,
849 3034 1115 3101 Arnim,
1154 3033 1375 3089 Stoicor.
1413 3036 1604 3104 fragm.
1644 3036 1715 3103 ΙΙ,
1755 3037 1895 3104 649).

442 3137 526 3178 46.
564 3122 680 3178 Nos
715 3124 886 3193 enim]
924 3123 1026 3177 Die
1064 3123 1386 3192 Bedeutung
1421 3125 1517 3178 des
1551 3123 1813 3194 geistigen
1838 3125 2114 3180 Schauens
2149 3126 2449 3195 begriindet
2484 3127 2589 3181 den
2602 3129 2752 3181 ‘Aus-

296 3212 412 3265 rust:
454 3212 643 3281 „quod
679 3212 898 3266 tandem
933 3211 1376 3281 spectaculum!“
1451 3212 1630 3267 Selbst
1665 3213 1752 3267 die
1788 3214 2007 3283 geringe
2044 3214 2273 3269 irdische
2311 3217 2500 3284 (nunc)
2536 3219 2752 3285 Augen-

295 3300 465 3354 weide
500 3300 574 3354 ist
607 3300 708 3354 wie
742 3300 865 3369 jede
902 3300 1349 3370 Wahrnehmung
1384 3302 1479 3355 auf
1513 3302 1618 3356 den
1656 3303 1805 3357 Geist
1839 3304 2322 3358 zuriickzufiihren.
2362 3336 2431 3345 —-
2479 3305 2756 3359 cernimus

297 3388 424 3459 (ng.
461 3390 684 3462 κρίνειν)
723 3430 736 3443 .
759 3429 771 3442 .
794 3430 807 3443 .
844 3388 1111 3460 videmus]
1149 3390 1405 3445 Wechsel
1442 3392 1537 3445 des
1574 3391 1883 3446 Ausdrucks
1922 3393 2295 3463 beabsichtigt3
2346 3393 2451 3463 vgl.
2490 3394 2605 3463 qu
2649 3394 2754 3449 Ou-

295 3495 528 3532 manam
562 3479 834 3547 reqionem
868 3479 1033 3547 vicht),
1071 3479 1472 3550 Pompeianum
1507 3498 1620 3534 non
1655 3498 1827 3535 cerno.
1868 3513 1936 3522 —-
1985 3482 2052 3535 in
2086 3485 2321 3553 empore]
2362 3524 2393 3550 ‚‚
2409 3484 2482 3536 im
2521 3484 2754 3551 Korper-

295 3565 545 3635 lichen“;
583 3584 779 3636 eorpus
806 3568 929 3635 oft,
932 3567 1421 3638 MFleischffiiilleY‘
1460 3568 1757 3638 Gegensatz
1783 3587 1909 3624 ossa
1934 3571 2158 3639 detecta3
2196 3571 2302 3641 vgl.
2331 3574 2448 3641 §47
2476 3590 2514 3626 a
2540 3590 2757 3641 corpore

300 3671 456 3722 „von
492 3656 741 3710 aussen‘fl
780 3687 848 3696 —
878 3656 1131 3727 physici]
1173 3664 1417 3731 φυσικοί,
1455 3673 1514 3712 so
1551 3658 1721 3712 schon
1755 3658 2057 3728 Demokrit3
2095 3661 2168 3713 im
2205 3660 2530 3729 Englischen
2559 3662 2755 3732 physi-

298 3743 431 3797 cian
460 3769 524 3789 =
546 3746 679 3798 Arzt
705 3746 921 3814 (unser,
925 3745 1240 3814 ,Physikus‘
1245 3747 1296 3815 ι).
1331 3777 1395 3786 -
1433 3746 1623 3816 istaj,
1627 3748 1801 3814 ,diese
1820 3748 2041 3818 Dinge“
2069 3750 2479 3820 (Sinuesorgane
2506 3769 2558 3804 u.
2581 3752 2664 3821 a..)
2689 3784 2756 3793 —

296 3838 486 3902 aperta
519 3838 568 3887 et
595 3834 945 3904 patefacta]‚
932 3874 963 3903 ‚,
978 3836 1222 3903 geoffnet
1258 3836 1369 3889 und
1406 3836 1765 3906 blossgelegt“
1803 3838 2187 3908 (anatomiscb).
2228 3870 2297 3880 —
2332 3841 2454 3894 viae
2504 3881 2550 3894 ..
2573 3881 2585 3894 .
2629 3859 2756 3911 per-

298 3921 594 3991 foratae1,
598 3913 941 3993 ‚Offnungen
979 3963 992 3976 .
1016 3964 1028 3976 .
1051 3925 1390 3992 .“‚gebohrt
1442 3925 1669 3995 „Gange
1714 3927 1844 3980 oder
1879 3926 2084 3981 Kanale
2125 3968 2137 3981 .
2161 3971 2173 3983 .
2197 3970 2209 3982 .
2260 3930 2566 3999 ausgehend
2614 3932 2756 4000 (aus-

299 4008 539 4078 laufend)
574 4013 727 4065 von“
731 4051 743 4064 .
818 4012 1004 4065 Durch
1049 4012 1197 4067 diese
1234 4012 1423 4068 ziehen
1471 4014 1612 4068 nach
1648 4015 1747 4068 der
1780 4015 2009 4069 Ansicht
2052 4018 2150 4071 der
2184 4017 2394 4073 Stoiker
2429 4019 2756 4073 Luflstriime

298 4100 638 4173 (πνεύματα)
674 4100 785 4153 und
819 4100 1131 4156 vermitteln
1168 4117 1227 4156 so
1264 4102 1351 4156 die
1387 4102 2091 4175 Sinueswahrnehmungen.
2130 4138 2199 4147 -
2235 4113 2335 4161 aut
2371 4148 2384 4161 .
2406 4147 2418 4160 .
2443 4147 2455 4160 .
2494 4109 2610 4176 aut]
2648 4107 2754 4161 Be·

299 4187 498 4257 lebung
523 4189 621 4242 der
645 4188 989 4259 Darstellung
1015 4190 1184 4245 durch
1214 4191 1625 4261 Gliederungen.
1663 4224 1732 4233 --
1768 4195 1973 4263 apertis
1999 4200 2047 4249 et
2074 4195 2323 4266 ὐηίερνὶε]
2363 4237 2395 4264 ,,
2409 4196 2494 4250 bei
2535 4196 2758 4250 offenen

297 4278 408 4331 und
443 4278 784 4347 gesunden“.
823 4309 893 4318 —-
929 4279 1097 4347 quasi
1127 4278 1414 4349 fenestrae]
1455 4320 1486 4349 „
1501 4280 1964 4350 gewissermal'sen
2000 4283 2352 4339 Schlocher“.
2392 4315 2458 4325 —
2498 4284 2757 4339 animum

296 4366 494 4436 videre]
533 4406 565 4435 ‚‚
583 4374 732 4431 Νοῦς
768 4372 872 4441 ὁρᾷ
906 4374 1000 4424 καὶ
1037 4380 1167 4432 νοῦς
1202 4372 1418 4425 ἀκούει·
1477 4375 1650 4425 τᾶλλα
1685 4375 1846 4445 κωφὰ
1884 4372 2052 4441 (taub)
2088 4379 2182 4429 καὶ
2218 4376 2448 4447 τυφλοὶιι
2487 4372 2618 4427 wird
2663 4374 2759 4428 aui
