3221 4850
1221 330 1333 385 Lib.
1371 332 1415 401 ι,
1454 348 1499 385 0.
1537 332 1766 387 41—42.
2647 328 2718 390 97

264 496 722 579 sempiternum
768 495 1031 559 malum.
1118 494 1289 558 Nam
1318 493 1487 559 vitae
1527 494 1797 558 miserae
1843 510 2018 557 mors
2064 491 2208 557 finis
2256 510 2396 557 esse
2431 492 2715 569 videtur;

265 621 434 666 mors
496 602 549 666 si
610 603 709 666 est
766 600 1030 678 misera,
1089 600 1233 664 finis
1281 618 1420 665 esse
1476 600 1693 664 nullus
1739 600 1967 683 potest.
2063 597 2191 663 Sed
2238 597 2391 681 quid
2438 618 2553 681 ego
2603 599 2719 664 So-

263 712 505 773 cratem
552 711 667 772 aut
711 708 1171 772 Theramenem
1187 754 1202 784 ,
1260 707 1668 789 praestantes
1716 706 1884 770 viros
1932 705 2188 769 virtutis
2250 706 2315 770 et
2362 706 2711 789 sapientiae

263 815 481 898 gloria,
528 832 948 880 commemoro
964 862 979 890 ,
1027 831 1173 877 cum
1218 812 1757 878 Lacedaemonius
1807 810 2085 894 quidam,
2133 811 2314 876 cuius
2359 831 2440 876 ne
2486 832 2719 878 nomen

263 922 520 1005 quidem
580 921 903 1005 proditum
950 923 1075 996 est,
1136 924 1408 984 mortem
1466 921 1799 1003 tantopere
1858 919 2344 1001 contempserit,
2404 921 2505 998 ut,
2567 938 2714 984 cum

262 1029 345 1093 ad
378 1048 519 1093 eam
552 1028 892 1092 duceretur
923 1025 1266 1091 damnatus
1314 1026 1709 1122 abf—ephpris—
1738 1026 1804 1090 et
1850 1027 2021 1091 esset
2065 1025 2250 1090 vultu
2293 1026 2484 1091 hilari
2525 1028 2718 1108 atque

267 1137 432 1200 laeto
490 1135 878 1216 dixissetque
940 1134 997 1198 ei
1058 1134 1318 1216 quidam
1378 1133 1711 1197 inimicus:
1783 1131 2421 1210 „Contemnisne
2485 1134 2720 1215 leges

269 1242 737 1325 Lycurgi?“,
783 1240 1213 1324 responderit:
1263 1240 1469 1321 „Ego
1516 1258 1706 1304 vero
1737 1214 2335 1303 illima'ximam
2382 1240 2722 1321 gratiam

269 1349 551 1425 habeo,
621 1348 753 1429 qui
810 1367 926 1411 me
988 1366 1076 1412 ea
1134 1365 1393 1431 poena
1449 1346 1964 1424 multaverit,
2033 1364 2264 1428 quam
2322 1346 2502 1411 sine
2560 1366 2725 1411 mu-

272 1456 651 1519 tuatione
701 1455 779 1518 et
825 1454 997 1518 sine
1045 1471 1389 1518 versura
1432 1472 1753 1536 possem
1801 1452 2318 1517 dissolvere.“
2412 1451 2465 1518 0
2513 1454 2723 1518 virum

269 1561 504 1645 Sparta
552 1560 852 1642 dignum!
913 1561 989 1625 ut
1045 1560 1204 1624 mihi
1253 1560 1539 1641 quidem,
1605 1560 1716 1642 qui
1773 1561 1911 1624 tam
1957 1578 2190 1642 magno
2253 1560 2466 1624 animo
2514 1559 2724 1637 fuerit,

271 1668 568 1732 innocens
615 1667 959 1731 damnatus
1006 1685 1144 1731 esse
1193 1665 1502 1731 videatur.
1593 1666 1779 1731 Tales
1825 1665 2323 1731 innumerabiles
2368 1668 2591 1730 nostra
2639 1665 2846 1731 ci-1ot

273 1774 435 1838 vitas
483 1773 650 1837 tulit.
744 1772 870 1838 Sed
917 1773 1068 1855 quid
1116 1772 1310 1838 duces
1366 1775 1431 1837 et
1475 1772 1790 1856 principes
1837 1772 2193 1864 nominem,
2254 1791 2401 1837 cum
2445 1773 2725 1855 legiones

271 1882 510 1945 scribat
542 1880 699 1946 Cato
733 1898 921 1963 saepe
969 1880 1210 1945 alacres
1255 1880 1321 1943 in
1370 1898 1517 1944 eum
1561 1880 1776 1944 locum
1821 1878 2157 1962 profectas,
2204 1878 2372 1944 unde
2406 1879 2724 1944 redituras

274 2006 343 2052 se
401 2007 528 2052 non
590 1987 1049 2051 arbitrarentur
1064 1988 1096 2049 P
1187 1985 1338 2050 Pari
1384 1986 1594 2050 animo
1640 1985 2124 2051 Lacedaemonii
2169 1986 2237 2048 in
2282 1986 2727 2069 Thermopylis

272 2095 654 2172 occiderunt,
699 2095 766 2158 in
816 2112 973 2176 quos
1022 2092 1412 2158 Simonides:

500 2237 675 2312 Dic,
720 2238 1056 2318 hospe3‚
1091 2234 1440 2318 Spartae
1486 2253 1631 2299 nos
1676 2238 1753 2299 te
1800 2235 1930 2301 hic
1975 2235 2284 2299 vidisse
2330 2236 2732 2313 iacentes,

590 2343 786 2406 Dum
832 2343 1153 2407 sanctis
1201 2342 1528 2425 patriae
1575 2342 1901 2423 legibus
1948 2342 2496 2423 obsequimur.

270 2611 308 2640 a,
321 2571 428 2624 und
447 2570 639 2624 wellen
656 2588 759 2625 uns
787 2571 1104 2641 begreiflich
1129 2571 1371 2638 macheu,
1399 2571 1517 2626 dass
1546 2611 1559 2623 .
1576 2613 1587 2624 .
1606 2571 1680 2624 .“.
1711 2602 1779 2610 -
1812 2570 1916 2624 Sed
1940 2569 2076 2639 quid
2205 2587 2558 2624 commemoro
2585 2573 2732 2641 eum]

273 2660 453 2727 „doch
474 2675 625 2712 wozu
755 2661 917 2714 fiihre
938 2661 1026 2714 ich
1045 2676 1130 2727 an,
1160 2675 1258 2726 wc,
1287 2659 1355 2713 da
1377 2659 1583 2727 doch“;
1613 2659 1842 2713 beliebte
1861 2648 2332 2728 sJbergangsform.
2371 2659 2480 2715 Das
2508 2677 2577 2714 zu
2601 2660 2738 2729 quid

274 2789 290 2801 .
315 2789 325 2800 .
351 2789 361 2800 .
383 2764 735 2801 commemoro
761 2748 1010 2817 gehorige
1023 2748 1417 2816 Fragezeichen
1442 2747 1562 2801 fallt
1586 2748 1727 2801 nach
1752 2748 1876 2801 dem
1901 2747 2230 2815 iiberlangen
2250 2747 2371 2803 Satz
2401 2748 2585 2802 besser
2603 2766 2734 2819 weg.

278 2836 398 2905 Vgl.
428 2835 707 2904 beziiglich
736 2837 833 2889 der
856 2836 1264 2905 Interpunktion
1292 2836 1458 2890 auch:
1495 2836 1540 2890 Ο
1565 2836 1752 2890 virum
1776 2836 2041 2904 diqnum!
2066 2841 2141 2890 ut.
2172 2867 2240 2875 ——
2279 2837 2346 2891 ab
2373 2838 2611 2908 ephoris]
2640 2839 2737 2893 Als

277 2925 510 2994 Beispiel
548 2926 643 2978 der
678 2925 927 2979 ebersten
956 2924 1408 2979 Gerichtsbarkeit
1441 2926 1540 2978 der
1565 2925 1815 2994 Ephoren
1843 2925 2076 2998 (ἔφοροι)
2105 2925 2298 2980 nehme
2327 2943 2451 2980 man
2479 2928 2572 2981 das
2600 2927 2737 2981 Ver-

274 3015 469 3068 fahren
489 3030 659 3083 gegen
677 3013 968 3068 Pausanias
988 3014 1144 3084 (Nep.
1166 3015 1362 3082 Paus.).
1392 3045 1457 3053 -
1488 3015 1564 3068 ad
1587 3015 1731 3083 eam]
1753 3015 1852 3067 wir
1876 3014 2005 3068 eher
2023 3055 2055 3082 ‚‚
2068 3031 2165 3067 zur
2182 3014 2560 3080 Richtstatte“‚
2581 3018 2740 3071 unter

277 3102 521 3171 Aufgabe
558 3103 653 3155 der
677 3102 1117 3156 Personifikation
1157 3103 1250 3156 des
1286 3103 1468 3157 Todes.
1509 3134 1578 3143 -
1614 3121 1679 3157 ea
1706 3120 1886 3173 poena
1919 3104 2250 3173 multaverit]
2290 3103 2476 3171 „mich
2513 3104 2611 3158 mit
2645 3106 2741 3158 der

279 3191 445 3246 Bufse
483 3191 660 3260 belegt
693 3191 861 3258 hat“;
913 3207 971 3245 so
1007 3193 1184 3245 multa
1221 3191 1474 3259 „Busse“
1514 3218 1578 3236 =
1621 3192 1922 3246 Geldstrafe
1970 3193 2106 3261 jetzt
2152 3193 2291 3246 noch
2341 3192 2399 3245 in
2453 3194 2740 3248 mehreren

276 3280 573 3334 deutschen
612 3281 1021 3333 Landsehaften.
1059 3312 1126 3320 —
1179 3280 1302 3334 sine
1335 3279 1678 3334 mutuatione
1713 3285 1761 3334 et
1796 3281 1918 3334 sine
1952 3282 2196 3351 versura]
2237 3281 2419 3349 „ohne
2454 3282 2598 3351 Borg
2631 3283 2741 3337 und

277 3369 420 3423 ohne
475 3368 774 3437 Anleihe“3
830 3386 1055 3422 versura
1108 3373 1234 3439 (von
1287 3370 1449 3437 verto)
1504 3385 1770 3438 synonym
1824 3369 1924 3422 mit
1968 3369 2256 3423 mutuatio.
2313 3401 2381 3409 —
2436 3370 2740 3441 dissolvere]

283 3457 589 3525 „zahlen“;
645 3458 741 3511 der
776 3457 1076 3511 Schuldner
1111 3474 1223 3512 war
1266 3475 1463 3525 nexus,
1515 3459 1684 3512 daher
1730 3459 1824 3513 das
1873 3458 1993 3512 Bild
2044 3475 2166 3513 vom
2203 3459 2391 3514 Losen.
2442 3492 2510 3499 —-
2557 3465 2620 3514 ut

280 3545 550 3615 videatur]
588 3547 697 3599 fast
734 3547 1142 3616 „Hauptsatz“:
1183 3547 1392 3615 „daher
1426 3548 1607 3616 (ὥστε)
1644 3547 1834 3617 glaube
1870 3547 1959 3601 ich
1999 3589 2010 3602 .
2034 3589 2046 3600 .
2069 3550 2144 3601 .“.

437 3648 493 3688 ιο
510 3649 548 3687 ι.
596 3634 802 3688 scribat
845 3634 994 3704 Cato]
1043 3636 1110 3689 In
1158 3636 1255 3688 der
1303 3635 1508 3689 Schrift
1554 3636 1729 3704 „Vom
1779 3636 2180 3691 Greisenalter“
2232 3636 2358 3690 lassi
2404 3634 2589 3691 Cicero
2639 3637 2742 3690 den

279 3723 428 3777 alten
467 3722 594 3778 Cato
632 3723 719 3777 die
754 3722 961 3792 gleiche
997 3723 1161 3778 Stelle
1198 3740 1293 3778 aus
1339 3723 1525 3778 seinen
1563 3725 1894 3794 „Origines“
1933 3725 2201 3778 anfiihren
2239 3725 2293 3794 (ξς
2333 3724 2437 3793 75).
2486 3757 2553 3764 --
2602 3726 2743 3779 wnde

281 3853 296 3864 .
323 3852 334 3864 .
358 3852 369 3864 .
407 3829 518 3867 non
554 3811 976 3882 arbitrarentur]
1015 3812 1134 3881 Vgl.
1175 3830 1241 3866 zu
1280 3815 1311 3881 ξ
1350 3816 1435 3870 89.
1492 3845 1553 3853 -
1605 3813 1674 3867 in
1718 3831 1849 3882 quos
1889 3813 2220 3883 Simonides]
2260 3813 2498 3882 Erganze
2533 3814 2741 3881 scribit,

278 3901 380 3955 das
415 3900 553 3954 nach
578 3901 785 3955 scribat
820 3901 948 3956 Cato
976 3902 1118 3955 noch
1158 3902 1503 3956 vorsehwebt.
1545 3934 1613 3943 —
1654 3902 1983 3971 Simonides]
2023 3918 2065 3955 s·
2104 3919 2170 3955 zu
2199 3904 2230 3971 ξ
2257 3902 2343 3958 59.
2385 3933 2453 3941 ——
2490 3902 2596 3956 Die
2634 3904 2741 3972 ...]

281 3989 396 4044 Das
433 3988 710 4044 Distichon
746 3990 863 4043 teilt
900 3991 1140 4045 Herodot
1174 3991 1299 4058 VH,
1337 3994 1443 4047 228
1481 3991 1605 4045 mit:

431 4073 536 4145 „³ss
574 4077 727 4145 ξεῖν’,
766 4083 1050 4151 ἀγγέλλειν
1087 4083 1577 4154 Λακεδαιμονίοις,
1619 4083 1704 4136 ὅτι
1741 4083 1871 4154 τῇδε

430 4175 685 4243 Κείμεθα
724 4176 839 4231 τοῖς
872 4175 1066 4224 κείνων
1102 4172 1312 4242 ῥήμασι
1340 4171 1581 4243 (ῥήματα
1612 4194 1676 4213 =
1708 4172 1898 4245 ῥῆτραι
1927 4167 2337 4237 „Satzungen“)
2366 4170 2742 4243 neaeoo'pevoaf‘

491 4256 842 4325 „Wanderer,
879 4257 1109 4311 kommst
1144 4258 1218 4311 du
1253 4257 1393 4311 nach
1429 4257 1633 4326 Sparta,
1672 4257 1999 4325 verkiindige
2037 4258 2243 4325 dorten,
2281 4258 2352 4311 du
2389 4256 2576 4310 habest

491 4345 610 4399 Uns
645 4345 766 4400 hier
801 4345 978 4414 liegen
1014 4345 1233 4414 gesehn‚
1273 4345 1374 4399 wie
1411 4346 1505 4399 das
1543 4346 1735 4399 Gesetz
1774 4361 1832 4398 es
1869 4344 2103 4399 befahl.“
2143 4375 2211 4385 --

392 4433 502 4489 Cic.
530 4434 683 4490 Tusc.
711 4451 973 4490 nrsruur.
1029 4451 1066 4490 1.
1094 4451 1152 4489 11.
1225 4435 1269 4490 Ῑ.
2284 4434 2315 4487 7
