3221 4850
477 275 551 337 62
1273 277 1691 333 Tusculanarum
1727 278 2140 347 disputationum

478 459 558 504 ne
607 440 836 505 occidit
867 440 1125 522 quidem
1172 458 1516 522 umquam;
1562 459 1717 505 nam
1746 440 2128 523 principium
2159 442 2544 506 exstinctum
2573 460 2693 506 nec
2723 442 2943 525 ipsum

481 547 559 610 ab
607 532 730 612 alio
775 548 1148 612 renascetur
1200 566 1320 612 nec
1372 566 1450 611 ex
1495 566 1562 611 se
1626 546 1799 611 aliud
1847 548 2115 625 creabit,
2175 547 2488 630 siquidem
2533 567 2791 613 necesse
2839 552 2947 614 est

482 673 519 718 a
564 653 868 737 principio
925 654 1073 718 oriri
1128 654 1357 718 omnia.
1446 643 1552 718 Ita
1595 654 1697 731 fit,
1755 655 1831 717 ut
1883 656 2097 718 motus
2142 655 2523 738 principium
2582 674 2656 720 ex
2714 675 2785 720 eo
2834 657 2942 735 sit,

482 760 648 842 quod
694 761 907 844 ipsum
954 779 992 825 a
1038 779 1104 826 se
1149 763 1473 835 movetur;
1533 760 1599 824 id
1648 763 1865 825 autem
1919 780 2037 825 nec
2090 763 2268 826 nasci
2313 764 2526 844 potest
2580 782 2698 827 nec
2757 763 2946 842 mori,

479 869 580 932 vel
636 867 926 931 concidat
979 886 1163 932 omne
1219 869 1468 933 caelum
1523 868 1855 950 omnisque
1910 870 2145 932 natura
2199 872 2261 931 et
2315 869 2623 933 consistat
2675 888 2942 934 necesse

482 976 583 1038 est
627 993 745 1038 nec
789 974 920 1037 vim
973 974 1175 1038 ullam
1229 975 1666 1052 nanciscatur,
1728 993 1855 1056 qua
1913 993 1956 1036 a
2000 975 2204 1057 primo
2250 975 2526 1057 impulsa
2587 979 2943 1041 moveatur.

482 1080 645 1146 Cum
691 1082 913 1163 pateat
955 1081 1153 1162 igitur
1200 1083 1534 1145 aeternum
1577 1080 1644 1144 id
1691 1099 1848 1158 esse,
1897 1080 2066 1163 quod
2099 1100 2167 1145 se
2212 1082 2424 1163 ipsum
2470 1084 2743 1160 moveat,
2792 1084 2939 1165 quis

481 1190 608 1264 est,
670 1187 779 1268 qui
823 1188 991 1251 hanc
1045 1190 1346 1252 naturam
1403 1188 1634 1252 animis
1689 1206 1827 1252 esse
1875 1188 2184 1252 tributam
2243 1191 2479 1270 neget?
2569 1189 2943 1254 Inanimum

481 1297 581 1358 est
638 1294 808 1358 enim
869 1313 1088 1369 omne,
1150 1294 1317 1375 quod
1376 1295 1566 1378 pulsu
1631 1295 1913 1376 agitatur
1973 1296 2263 1370 externo;
2331 1295 2499 1377 quod
2560 1299 2775 1361 autem
2838 1300 2944 1361 est

482 1401 750 1478 animal,
808 1400 873 1464 id
928 1404 1109 1465 motu
1165 1401 1368 1466 cietur
1421 1401 1720 1466 interiore
1777 1403 1842 1465 et
1888 1420 2020 1465 suo.
2115 1401 2281 1466 Nam
2325 1403 2484 1467 haec
2539 1405 2640 1468 est
2683 1405 2944 1487 propria

478 1510 712 1572 natura
768 1508 963 1572 animi
1020 1510 1214 1590 atque
1274 1508 1404 1582 vis;
1465 1527 1629 1590 quae
1687 1508 1742 1572 si
1798 1510 1896 1572 est
1950 1527 2079 1572 una
2133 1527 2208 1572 ex
2262 1510 2581 1586 omnibuS,
2645 1529 2808 1591 quae
2868 1528 2939 1575 se

397 1639 455 1679 ιε
480 1615 620 1698 ipsa
651 1615 962 1698 [semper]
994 1618 1267 1692 moveat,
1315 1633 1523 1697 neque
1568 1617 1726 1679 nata
1771 1616 1939 1679 certe
1988 1617 2088 1679 est
2118 1618 2185 1679 et
2230 1618 2490 1680 aeterna
2536 1618 2687 1681 est.“
2756 1608 2943 1681 Licet

482 1724 861 1786 concurrant
907 1740 1126 1786 omnes
1171 1722 1402 1805 plebeii
1446 1721 1803 1805 philosophi
1843 1722 1959 1804 (sic
2005 1722 2174 1785 enim
2219 1722 2282 1799 ii,
2330 1724 2440 1804 qui
2487 1741 2525 1787 a
2555 1723 2822 1788 Platone
2871 1727 2942 1788 et

483 1826 742 1892 Socrate
790 1829 856 1891 et
902 1828 981 1892 ab
1028 1846 1104 1892 ea
1133 1827 1377 1892 familia
1409 1827 1737 1905 dissident,
1785 1828 2146 1912 appellandi
2183 1828 2529 1913 videntur),
2573 1849 2701 1894 non
2747 1830 2938 1895 modo

479 1934 638 1997 nihil
671 1954 980 2016 umquam
1011 1938 1148 1999 tam
1195 1936 1520 2017 eleganter
1567 1935 1987 2019 explicabunt,
2034 1935 2144 2000 sed
2174 1954 2254 2000 ne
2285 1937 2406 2001 hoc
2438 1937 2695 2019 quidem
2724 1938 2941 2020 ipsum

483 2059 676 2123 quam
724 2042 1043 2107 subtiliter
1097 2043 1469 2107 conclusum
1523 2043 1643 2119 sit,
1700 2043 2091 2124 intellegent.
2186 2042 2397 2107 Sentit
2441 2044 2636 2125 igitur
2683 2044 2937 2108 animus

481 2167 548 2212 se
593 2149 867 2223 moveri3
916 2149 1084 2230 quod
1116 2169 1264 2214 cum
1296 2150 1510 2227 sentit,
1556 2149 1719 2213 illud
1750 2168 1880 2213 una
1927 2151 2140 2226 sentit,
2187 2168 2254 2213 se
2285 2151 2350 2213 vi
2391 2168 2525 2227 sna,
2570 2170 2696 2214 non
2729 2151 2940 2214 aliena

479 2256 717 2319 moveri
777 2274 894 2319 nec
939 2255 1220 2320 accidere
1266 2274 1481 2338 posse,
1526 2258 1602 2318 ut
1646 2256 1781 2339 ipse
1827 2274 2136 2337 umquam
2184 2275 2222 2320 a
2269 2275 2335 2321 se
2406 2256 2751 2322 deseratur.
2841 2258 2940 2320 Ex

482 2381 605 2444 quo
654 2361 925 2427 efficitur
971 2363 1333 2440 aeternitaS,
1378 2362 1502 2425 nisi
1550 2362 1702 2445 quid
1748 2363 1944 2428 habes
1993 2362 2073 2428 ad
2118 2363 2294 2429 haec,

658 2469 741 2533 A.
810 2470 945 2551 Ego
990 2489 1138 2535 vero
1184 2469 1368 2535 facile
1417 2490 1562 2534 sum
1607 2489 1836 2553 passus
1893 2490 1973 2534 ne
2020 2470 2088 2534 in
2132 2474 2416 2536 mentem
2462 2472 2719 2554 quidem
2777 2472 2939 2537 mihi

482 2575 723 2657 aliquid
769 2579 994 2641 contra
1040 2578 1287 2651 venire;
1335 2578 1427 2641 ita
1473 2577 1582 2641 isti
1629 2576 1808 2642 faveo
1856 2577 2229 2643 sententiae.

627 2804 709 2844 54.
757 2789 839 2843 vel
874 2787 1148 2858 (richtiger
1180 2789 1299 2856 aut)
1349 2789 1597 2842 concidat
1649 2830 1661 2841 .
1685 2830 1696 2842 .
1720 2830 1732 2841 .
1782 2789 2043 2842 cmi-sistat
2079 2789 2563 2858 („stillestehen“)]
2612 2787 2718 2857 vgl.
2756 2789 2939 2843 Platos

480 2878 696 2932 Worte:
736 2884 768 2947 ἢ
806 2883 991 2934 πάντα
1029 2898 1085 2934 τε
1124 2881 1359 2951 οὐρανὸν
1395 2884 1589 2934 πᾶσάν
1615 2899 1673 2934 τε
1703 2884 1920 2949 γένεσιν
1948 2890 2348 2952 συμπεσοῦσαν
2376 2889 2572 2946 στῆναι
2597 2883 2690 2931 καὶ
2715 2881 2939 2950 μήποτε

482 2967 648 3030 αὖθις
675 2971 835 3041 ἔχειν,
877 2970 1009 3023 ὅθεν
1033 2973 1325 3036 κινηθέντα
1356 2970 1654 3037 γενήσεται.
1682 2996 1750 3005 -
1786 2970 1936 3018 motu
1962 2965 2135 3018 cietur
2164 3004 2205 3017 ..
2224 3006 2235 3017 .
2265 2967 2384 3033 suo]
2424 2965 2590 3031 „wird
2618 2965 2788 3017 durch
2815 2965 2939 3020 eine

480 3056 684 3124 innere,
723 3057 1075 3125 selbsteigene
1104 3056 1410 3124 Bewegung
1449 3055 1713 3122 bewegt“.
1755 3084 1821 3093 —
1857 3058 2064 3107 natura
2102 3093 2113 3105 .
2138 3092 2183 3107 ..
2222 3056 2379 3121 atque
2413 3053 2519 3123 vis]
2560 3053 2798 3121 „Wesen
2825 3053 2937 3107 und

481 3145 734 3213 Begrifl“
773 3145 1094 3213 (synonym).
1135 3175 1203 3184 —-
1239 3150 1288 3197 et
1323 3149 1543 3198 aeterna
1577 3144 1673 3212 est]
1711 3143 1830 3196 hier
1857 3168 1925 3187 -—-
1950 3159 2048 3196 nec
2074 3143 2223 3196 mori
2239 3147 2435 3212 potes-133
2472 3142 2711 3197 hernach
2738 3142 2939 3196 wieder

481 3234 690 3287 aeterni
725 3273 756 3301 „
774 3233 941 3301 ewige
979 3233 1221 3288 Dauer“.

631 3336 709 3376 55.
740 3322 941 3391 plebeii
966 3322 1311 3391 philosophi]
1351 3320 1770 3391 Haupts‘achlich
1805 3320 1890 3375 die
1927 3321 2242 3389 Epikureer,
2293 3321 2377 3373 die
2415 3319 2687 3374 anderswo
2723 3319 2941 3372 minuti

473 3411 790 3481 philosophi
825 3451 857 3480 „
873 3410 1483 3479 Duodezphilosophen“
1520 3412 1759 3478 genannt
1791 3409 2023 3463 werden.
2064 3440 2131 3448 —
2181 3408 2248 3462 ab
2283 3426 2347 3461 ea
2381 3407 2611 3475 familia
2644 3406 2933 3477 dissident]

483 3502 649 3555 ofters
684 3499 869 3554 Bilder
904 3516 1027 3554 vom
1055 3499 1256 3553 Staats·
1292 3499 1405 3551 und
1443 3497 1784 3553 Privatleben
1820 3499 1914 3552 auf
1948 3498 2034 3551 die
2070 3496 2429 3565 Philosophen
2465 3497 2815 3569 iibertragen3
2853 3496 2937 3551 De

482 3606 555 3644 or.
594 3590 696 3657 111,
735 3592 831 3645 61:
889 3631 921 3660 „
936 3587 1072 3644 Cum
1126 3590 1307 3642 essent
1358 3587 1540 3656 plures
1595 3589 1697 3640 orti
1750 3588 1868 3640 fere
1917 3603 1950 3640 a
1993 3585 2210 3640 Socrate
2249 3628 2261 3639 .
2283 3626 2332 3639 ..
2369 3585 2759 3654 proseminatae
2811 3588 2939 3639 sunt

483 3679 633 3747 quasi
668 3678 903 3732 familiae
940 3677 1316 3732 dissentientes
1352 3676 1496 3729 inter
1531 3692 1589 3729 se
1604 3678 1654 3729 “.
1703 3707 1771 3716 ——
1823 3680 1939 3728 tam
1973 3676 2236 3744 eleyanter
2270 3675 2635 3744 eoeplicabvmt]
2676 3674 2938 3743 „werden

482 3782 541 3820 so
584 3766 1010 3835 geschmackvoll
1057 3765 1374 3821 entwickeln
1388 3806 1402 3833 ,
1451 3763 1743 3819 darstellen
1757 3767 1807 3832 “,
1862 3763 2134 3818 subtiliter
2169 3765 2484 3818 omwcu'sum
2530 3803 2563 3832 ,‚
2578 3763 2939 3832 scharfsinnig

481 3854 880 3926 geschlossen“.
963 3854 1189 3924 Saloppe
1233 3853 1576 3923 Darstellung
1623 3854 1733 3906 und
1781 3852 1995 3922 Mangel
2039 3869 2107 3907 an
2152 3852 2418 3922 logischer
2463 3852 2687 3907 Scharfe
2733 3854 2939 3907 werten

483 3945 588 3999 den
622 3944 952 4013 Epilmreern
1000 3944 1117 3998 ihre
1154 3944 1365 4013 Gegner
1408 3944 1602 3998 immer
1637 3942 1835 3997 wieder
1868 3959 1980 3996 vor.
2038 3973 2106 3982 -—-
2159 3941 2283 3996 nisi
2315 3941 2450 4011 quid
2481 3941 2642 3996 habes
2678 3942 2754 3994 ad
2786 3941 2936 4010 haec]

483 4049 685 4102 „wenn
712 4034 784 4087 du
810 4032 987 4086 nichts
1015 4033 1252 4102 dagegen
1277 4033 1660 4088 einzuwenden
1685 4034 1773 4103 (zu
1802 4031 2077 4100 erinnem)
2103 4031 2295 4100 hast“;
2333 4030 2696 4100 gewohnliche
2714 4032 2817 4084 Art
2842 4030 2939 4083 der

482 4123 885 4191 Aufiorderung
921 4138 990 4176 an
1016 4123 1085 4190 A,
1137 4120 1285 4176 seine
1320 4121 1577 4190 Meinung
1600 4138 1680 4187 ,zu
1715 4122 1947 4177 aussern.
1987 4152 2052 4162 -
2091 4121 2206 4190 qu
2239 4138 2359 4175 vero
2392 4120 2557 4190 facile
2590 4137 2717 4174 sum
2733 4135 2940 4189 passus

486 4252 498 4264 .
522 4252 568 4265 ..
610 4213 808 4280 venire]
859 4251 892 4279 „
909 4210 1014 4265 Mir
1047 4226 1160 4265 war
1209 4227 1268 4264 es
1302 4226 1397 4279 gar
1443 4210 1596 4264 nicht
1629 4210 1841 4278 unlieb,
1892 4210 2010 4265 dass
2057 4210 2163 4263 mir
2197 4210 2335 4264 auch
2370 4209 2522 4263 nicht
2556 4208 2644 4262 ein
2681 4206 2938 4262 Gedanke

485 4300 580 4353 des
613 4299 1028 4368 Widerspruchs
1065 4299 1295 4368 aufstieg
1309 4301 1357 4351 “.
1397 4330 1466 4339 -
1503 4299 1632 4369 isti]
1670 4300 1766 4353 der
1800 4315 1906 4353 von
1944 4298 2028 4352 dir
2064 4300 2494 4368 vorgetragenen.
