3221 4850
1181 358 1295 413 Lib.
1332 359 1407 424 11,
1446 375 1491 413 c.
1531 361 1758 416 12—13.
2599 359 2705 420 189

245 526 312 589 et
353 523 584 588 melius
631 525 697 587 et
741 522 971 600 verine,
1017 522 1245 600 omnia,
1293 540 1455 604 quae
1486 524 1726 586 natura
1757 524 2151 606 aspernetur,
2194 523 2263 588 in
2308 518 2496 588 malis
2544 535 2701 595 esse,
2777 564 2782 572 ,

248 649 412 714 quae
460 630 797 706 adsciscat,
855 629 923 693 in
969 629 1167 693 bonis.
1257 628 1395 694 Hoc
1450 629 1657 713 posito
1717 631 1781 694 et
1835 631 2175 695 verborum
2230 628 2700 694 concertatione

243 738 498 802 sublata
542 739 800 802 tantum
843 738 1064 801 tamen
1111 736 1377 800 excellet
1419 735 1605 813 illud,
1654 735 1822 817 quod
1867 738 2038 800 recte
2085 736 2533 819 amplexantur
2574 733 2702 810 isti,

248 845 414 927 quod
471 844 840 920 honestum,
901 842 1070 925 quod
1127 844 1402 920 rectum,
1462 842 1633 925 quod
1692 842 1990 908 decorum
2050 842 2472 926 appellamuS,
2534 840 2702 923 quod

245 951 416 1016 idem
470 949 794 1015 interdum
837 950 1097 1015 virtutis
1141 951 1395 1015 nomine
1443 951 1915 1034 amplectimur,
1974 953 2051 1015 ut
2096 951 2310 1017 omnia
2352 951 2702 1035 praeterea,

248 1076 411 1139 quae
471 1058 635 1122 bona
695 1057 970 1140 corporis
1029 1059 1096 1122 et
1153 1056 1445 1122 fortunae
1503 1059 1849 1141 putantur,
1916 1058 2258 1146 perexigua
2326 1059 2393 1121 et
2450 1057 2703 1120 minuta

243 1164 608 1241 videantur,
660 1182 780 1228 nec
822 1165 1069 1229 malum
1112 1165 1345 1242 ullum,
1402 1183 1482 1229 ne
1531 1165 1585 1229 si
1631 1165 1698 1228 in
1745 1185 1949 1230 unum
1992 1166 2205 1230 locum
2253 1163 2510 1247 quidem
2556 1182 2704 1228 con-

239 1272 378 1336 lata
433 1271 645 1335 omnia
699 1271 854 1348 sint,
914 1290 1063 1336 cum
1118 1270 1536 1354 turpitudinis
1597 1273 1767 1337 malo
1824 1271 2264 1358 comparanda.
2358 1269 2570 1350 Quare
2628 1270 2701 1348 si,
2724 1294 2786 1337 ει

243 1379 321 1442 ut
375 1378 555 1443 initio
616 1377 1013 1456 concessisti,
1074 1376 1407 1461 turpitudo
1465 1378 1647 1461 peius
1710 1380 1811 1442 est
1864 1396 2061 1461 quam
2118 1377 2327 1456 dolor,
2356 1371 2546 1442 ‘nihil
2604 1378 2704 1442 est

242 1485 433 1569 plane
494 1485 685 1550 dolor.
790 1484 960 1549 Nam
1019 1483 1173 1548 dum
1231 1484 1350 1548 tibi
1407 1486 1595 1568 turpe
1663 1503 1783 1549 nec
1850 1485 2115 1568 dignum
2182 1486 2316 1551 viro
2383 1484 2703 1550 videbitur

245 1610 518 1675 gemere,
565 1591 822 1669 eiulare,
868 1592 1224 1669 lamentari,
1270 1590 1494 1673 frangi,
1542 1590 1860 1655 debilitari
1906 1591 2135 1669 dolore,
2183 1591 2337 1656 dum
2381 1591 2701 1668 honestas,

245 1697 401 1763 dum
448 1698 752 1781 dignitas,
799 1698 952 1762 dum
1001 1698 1193 1763 decus
1241 1698 1471 1776 aderit,
1524 1700 1724 1780 tuque
1771 1698 1839 1762 in
1886 1717 1963 1763 ea
2006 1699 2265 1764 intuens
2309 1700 2374 1763 te
2420 1699 2702 1764 contine-

243 1804 370 1882 bis,
429 1804 613 1870 cedet
668 1804 947 1889 profecto
1006 1805 1232 1870 virtuti
1290 1805 1466 1870 dolor
1523 1806 1593 1870 et
1653 1805 1849 1870 animi
1900 1805 2265 1871 inductione
2311 1806 2701 1888 languescet.

242 1913 378 1977 Aut
423 1912 592 1976 enim
638 1913 818 1977 nulla
862 1913 1067 1977 virtus
1100 1914 1200 1976 est
1230 1914 1345 1976 aut
1375 1911 1876 1977 contemnendus
1910 1914 2114 1977 omnis
2147 1912 2339 1978 dolor.
2413 1913 2701 1977 Pruden-

243 2019 485 2083 tiamne
531 2020 627 2083 vis
675 2038 844 2096 esse,
892 2018 1026 2084 sine
1075 2037 1203 2100 qua
1247 2037 1327 2083 ne
1373 2019 1661 2101 intellegi
1707 2019 1966 2102 quidem
2011 2020 2147 2084 ulla
2190 2021 2396 2084 virtus
2442 2021 2699 2103 potest?

246 2124 415 2205 Quid
462 2127 656 2209 ergo?
720 2144 796 2191 ea
848 2126 1210 2209 patieturne
1266 2128 1331 2190 te
1388 2126 1734 2209 quicquam
1788 2125 1995 2191 facere
2050 2127 2212 2190 nihil
2264 2126 2702 2210 proficientem

243 2234 311 2298 et
348 2234 608 2314 frustra
653 2233 1065 2310 laborantem,
1112 2251 1193 2296 an
1239 2234 1664 2315 temperantia
1711 2233 1879 2297 sinet
1921 2235 1986 2298 te
2032 2233 2448 2299 immoderate
2493 2233 2700 2299 facere

246 2340 618 2421 quicquam,
674 2358 756 2404 an
803 2340 922 2404 coli
967 2340 1217 2404 iustitia
1260 2340 1496 2423 poterit
1542 2342 1622 2405 ab
1666 2340 1921 2405 homine
1967 2342 2227 2424 propter
2281 2342 2411 2405 vim
2468 2340 2700 2406 doloris

243 2448 618 2513 enuntiante
666 2448 1021 2526 commissa,
1066 2448 1371 2531 prodente
1403 2449 1701 2526 conscios,
1748 2450 1957 2513 multa
2002 2448 2209 2514 officia
2253 2449 2699 2531 relinquente?

241 2696 449 2763 verius]
488 2739 519 2763 ,‚
534 2696 628 2749 der
675 2695 1042 2750 Wirklichkeit
1089 2696 1239 2750 mehr
1284 2696 1726 2767 entsprechend“.
1777 2726 1840 2735 -
1889 2713 2032 2766 quac
2076 2696 2372 2766 adsciscat]
2426 2740 2458 2764 „
2474 2713 2580 2751 was
2624 2698 2700 2751 sie

244 2784 415 2838 haben
451 2785 576 2851 will,
616 2785 932 2854 verlangt“;
969 2785 1052 2839 die
1079 2787 1273 2854 prima
1307 2786 1413 2852 (die
1450 2788 1627 2839 ersten
1665 2783 1853 2850 Gtiter)
1901 2792 2158 2840 naturae.
2211 2814 2274 2823 —-
2328 2786 2456 2840 Hoc
2492 2785 2698 2856 posito]

245 2877 449 2928 τούτου
501 2877 889 2947 ὑποκειμένου,
948 2876 1126 2942 „nach
1181 2875 1352 2929 dieser
1402 2874 1874 2943 Voraussetzung“
1924 2874 2291 2945 (Hypothese).
2342 2904 2406 2913 —
2456 2875 2578 2945 isti]
2630 2900 2698 2920 =

243 2961 435 3019 Stoici.
475 2993 542 3002 —
584 2963 917 3033 perexiyvca]
969 3004 1002 3031 „
1021 2964 1145 3017 sehr
1190 2964 1584 3032 geringfiigig“.
1639 2991 1704 3001 -—
1755 2980 1856 3019 nec
1893 3006 1907 3019 .
1929 3006 1943 3019 .
1966 3006 1979 3018 .
2026 2964 2429 3035 comparanda]
2482 2980 2698 3035 compa·

240 3052 434 3106 randa
468 3052 665 3106 richtet
700 3052 811 3107 sich
866 3053 1001 3106 nach
1047 3054 1235 3108 omnia
1285 3054 1377 3107 des
1414 3053 1873 3108 Zwischensatzes.
1959 3053 2068 3106 Der
2104 3053 2487 3124 Peripatetiker
2522 3053 2699 3109 Krito-
2771 3118 2777 3121 ⁷

243 3141 355 3196 laos
405 3142 563 3195 fasste
615 3141 697 3196 die
741 3141 970 3195 Ansicht
1016 3143 1186 3196 seiner
1233 3142 1422 3195 Schule
1471 3143 1526 3196 in
1577 3142 1696 3196 dem
1745 3143 1823 3197 oft
1871 3142 2219 3210 angeffihrten
2254 3143 2406 3197 Bilde
2459 3160 2558 3197 von
2608 3144 2702 3197 der

242 3229 408 3300 Wage
445 3247 740 3285 zusammen
776 3232 950 3298 (libra
987 3231 1273 3300 Critolai):
1325 3232 1459 3300 Legt
1505 3248 1628 3285 man
1675 3233 1732 3285 in
1778 3232 1863 3286 die
1897 3232 2012 3286 eine
2048 3231 2233 3286 Schale
2270 3232 2354 3286 die
2388 3234 2594 3301 vinus,
2644 3233 2702 3287 in

242 3320 328 3373 die
377 3320 568 3374 andere
616 3320 897 3374 Reichtum
946 3338 1104 3384 usw.,
1158 3338 1216 3375 so
1265 3321 1409 3374 fahrt
1459 3320 1580 3389 jene
1630 3322 1731 3375 mit
1778 3321 1896 3375 dem
1944 3311 2314 3389 Ubergewicht
2366 3323 2468 3376 mit
2515 3322 2701 3376 Macht

245 3422 338 3463 zur
371 3409 508 3464 Erde
544 3410 633 3476 (ut
671 3416 878 3465 terram
913 3415 963 3465 et
997 3411 1185 3465 maria
1219 3410 1545 3480 deprimat),
1583 3428 1626 3464 s.
1667 3428 1731 3464 zu
1767 3410 1831 3477 V,
1868 3411 1955 3466 51.
1996 3438 2060 3448 —
2112 3410 2332 3480 frangi]
2381 3411 2506 3478 „die
2541 3410 2702 3465 Kraft

242 3498 494 3552 verlieren
510 3500 561 3552 “.

391 3599 472 3642 ³1.
533 3589 599 3642 in
643 3587 730 3657 ea]
779 3589 873 3642 auf
910 3589 1164 3644 honestas
1212 3588 1468 3658 dignitas
1517 3588 1701 3645 decus.
1759 3618 1827 3630 ·-
1899 3595 1950 3644 te
2006 3589 2332 3656 continebis]
2391 3631 2421 3657 ,‚
2439 3589 2560 3643 dioh
2614 3606 2696 3644 zu-

245 3679 700 3733 sammennehmen
747 3680 924 3746 wirst,
972 3679 1092 3733 dich
1143 3679 1562 3734 aufrechthalten
1610 3681 1805 3734 wirst“
1824 3723 1838 3748 ,
1899 3684 2051 3735 sonat
2110 3679 2349 3748 hanfiger
2396 3680 2453 3733 in
2501 3679 2698 3733 diesem

244 3766 403 3821 Sinne
431 3784 484 3822 se
509 3769 790 3823 sustinere.
822 3798 889 3808 —-
926 3769 1104 3823 animi
1127 3768 1472 3836 inductione]
1502 3785 1755 3838 synonym
1784 3786 1847 3823 zu
1876 3770 2056 3824 animi
2082 3768 2393 3824 intentione
2405 3787 2425 3835 ‚·
2459 3768 2698 3823 inducas

243 3856 493 3911 animum
529 3857 906 3921 „entechliesse
943 3857 1061 3911 dich
1077 3861 1126 3911 “.
1168 3886 1232 3896 -·
1286 3858 1620 3928 languescet]
1666 3859 1792 3927 (vgl.
1832 3875 1896 3912 zu
1934 3860 1966 3927 ξ
2003 3859 2073 3912 27
2109 3874 2305 3914 nervos
2341 3857 2573 3924 elidunt)
2589 3900 2602 3924 ,
2641 3874 2696 3910 so

247 3945 363 4000 dats
399 3945 493 3999 der
528 3946 769 4000 Schmerz
806 3947 1025 4001 erleidet
1059 3946 1426 4018 (franyitwr),
1465 3964 1571 4002 was
1617 3965 1676 4002 er
1724 3947 1842 4002 dem
1889 3948 2174 4002 Menschen
2222 3946 2395 4001 droht.
2435 3975 2502 3985 —-
2553 3946 2693 4001 Pru-

246 4034 561 4090 dentiamne
597 4036 681 4091 vis
715 4036 844 4104 esce]
884 4036 979 4090 wie
1014 4040 1186 4107 λέγεις
1220 4037 1584 4104 (bezeichnest,
1623 4038 1843 4091 nimmst
1877 4041 1967 4103 an)
2004 4058 2058 4091 τι
2095 4041 2339 4109 comana,-
2391 4034 2541 4102 „Ffir
2577 4034 2698 4088 dich

246 4122 366 4194 gibt
399 4141 458 4177 es
494 4124 626 4178 doch
663 4125 779 4179 eine
803 4124 1061 4179 Weisheit
1076 4124 1104 4178 ?
1120 4126 1152 4152 “
1207 4125 1280 4179 Es
1316 4126 1445 4180 wird
1481 4126 1617 4180 nach
1653 4127 1796 4180 einer
1832 4126 2092 4180 beliebten
2121 4124 2448 4196 Disposition
2475 4124 2698 4193 gezeigt,

243 4212 339 4267 wie
385 4213 521 4267 auch
561 4212 683 4283 jede
729 4213 823 4268 der
871 4214 980 4268 vier
1029 4213 1747 4284 Teii-(Kardinal-)tugenden
1797 4215 1896 4269 den
1947 4215 2190 4269 Schmerz
2237 4213 2388 4268 nicht
2435 4213 2517 4267 als
2561 4202 2700 4267 Ubel

241 4303 570 4357 anerkennen
608 4302 755 4357 lasst.
793 4333 859 4343 —-
899 4305 1231 4360 enuntiante
1267 4303 1575 4373 commissa]
1613 4305 1735 4373 Vgl.
1775 4345 1807 4371 „
1821 4304 1911 4357 ille
1960 4305 2110 4372 tegat
2160 4302 2436 4358 commissa
2450 4303 2483 4330 “
2499 4345 2512 4371 ,
2563 4301 2693 4357 Hor.

242 4407 325 4462 ep.
359 4391 430 4459 H,
466 4393 521 4459 3,
557 4393 665 4448 200
699 4409 800 4447 von
835 4393 935 4447 den
973 4393 1244 4463 Aufgaben
1283 4393 1374 4448 des
1413 4396 1716 4448 vertrauten
1753 4392 1964 4448 Chores.
