3221 4850
1258 305 1372 359 Lib.
1410 305 1453 372 Ι,
1493 322 1538 359 c.
1576 306 1805 361 48—49.
2664 301 2763 362 lll

307 461 575 545 norunt,
633 487 789 550 quos
839 487 1211 533 enumerare
1258 486 1566 549 magnum
1616 468 1748 541 est3
1809 467 1901 531 ita
1949 468 2101 531 sunt
2144 467 2353 544 multi,
2399 467 2627 548 quibus
2673 466 2767 531 vi-

312 576 535 641 demus
583 576 891 658 optabiles
937 576 1176 639 mortes
1226 574 1422 638 fuisse
1471 593 1617 639 cum
1664 574 1880 655 gloria.

489 680 667 761 Quae
731 701 876 746 cum
940 683 1032 746 ita
1094 681 1255 758 sint,
1323 699 1561 763 magna
1622 683 1842 746 tamen
1889 681 2251 763 eloquentia
2309 682 2410 745 est
2453 679 2763 743 utendum

311 791 504 871 atque
550 790 644 853 ita
689 789 868 854 velut
913 789 1233 871 superiore
1282 807 1315 853 e
1361 788 1499 852 loco
1546 787 2074 865 contione-ndum,
2132 789 2209 851 ut
2264 787 2552 851 homines
2598 805 2766 850 mor-

309 897 443 960 tem
512 897 613 960 vel
676 897 892 978 optare
959 887 1288 979 incipiant'
1336 895 1439 960 vel
1509 897 1680 960 certe
1749 895 1976 959 timere
2047 894 2378 959 desistant..
2481 894 2651 958 Nam
2711 893 2766 957 si

310 1021 644 1085 supremus
691 1002 798 1066 ille
847 1002 981 1066 dies
1027 987 1154 1066 non
1214 1002 1732 1079 exstinctionem,
1789 1001 1902 1066 sed
1950 1000 2512 1066 commutationem
2560 999 2767 1065 adfert

310 1108 462 1187 loci,
528 1108 680 1191 quid
739 1109 1123 1192 optabilius?
1196 1109 1295 1173 sin
1363 1111 1581 1173 autem
1628 1109 1888 1192 perimit
1934 1127 2008 1173 ac
2054 1108 2225 1173 delet
2270 1108 2550 1185 omnino,
2613 1106 2765 1189 quid
2793 1130 2884 1172 117

310 1216 541 1280 melius
590 1235 785 1297 quam
842 1216 908 1278 in
968 1214 1195 1280 mediis
1242 1216 1412 1280 vitae
1459 1215 1785 1280 laboribus
1833 1214 2293 1279 obdormiscere
2350 1217 2417 1279 et
2459 1215 2552 1278 ita
2598 1214 2768 1279 coni-

309 1324 566 1387 ventem
613 1341 833 1387 somno
882 1322 1194 1405 consopiri
1240 1323 1628 1405 sempiterno
1650 1323 1683 1385 P
1777 1320 1961 1400 Quod
2007 1322 2062 1386 si
2105 1322 2250 1399 fiat,
2308 1322 2533 1385 melior
2577 1320 2767 1384 Ennii

284 1447 508 1511 quam
557 1428 803 1493 Solonis
851 1429 1070 1493 oratio.
1160 1428 1284 1492 Hic
1330 1429 1501 1493 enim
1548 1430 1799 1492 noster:

534 1553 769 1617 Nemo
815 1572 927 1618 me
974 1553 1323 1617 lacrimis
1372 1554 1717 1630 decoret,
1777 1553 2016 1635 inquit,
2075 1571 2212 1618 nec
2257 1552 2526 1618 funera
2572 1552 2766 1618 fletu

620 1660 890 1725 Faxit!

310 1804 398 1866 At
442 1821 589 1867 vero
634 1803 740 1867 ille
788 1803 1075 1886 sapiens:

533 1919 751 1982 Mors
797 1938 968 1983 mea
1021 1938 1116 1984 ne
1164 1921 1451 1984 careat
1496 1920 1910 1994 lacrimis;
1969 1920 2440 2000 linquamus
2488 1919 2764 1983 amicis

624 2026 1092 2103 Maerorem,
1138 2027 1230 2089 ut
1275 2026 1712 2090 celebrent
1755 2024 2044 2090 funera
2089 2044 2265 2089 cum
2311 2026 2638 2108 gemitu.

311 2167 445 2232 Nos
491 2186 673 2245 vero,
733 2169 786 2232 si
834 2169 984 2251 quid
1028 2167 1160 2233 tale
1210 2168 1545 2247 acciderit,
1591 2171 1668 2232 ut
1716 2187 1754 2232 a
1800 2168 1915 2233 deo
1963 2168 2411 2233 denuntiatum
2457 2167 2766 2245 videatur,
2792 2186 2911 2256 1¹3,
2970 2231 2989 2254 A

312 2276 388 2338 ut
433 2293 730 2339 exeamus
790 2293 823 2339 e
870 2276 1030 2353 vita,
1089 2276 1245 2340 laeti
1313 2277 1379 2340 et
1425 2277 1688 2357 agentes
1750 2274 1990 2358 gratias
2046 2294 2384 2359 pareamus
2432 2268 2765 2358 emittique

309 2399 428 2445 nos
473 2399 507 2447 e
554 2382 842 2447 custodia
905 2385 970 2447 et
1028 2383 1227 2448 levari
1273 2383 1497 2448 vinclis
1546 2383 1961 2460 arbitremur,
2017 2385 2094 2448 ut
2154 2385 2267 2447 aut
2324 2382 2392 2447 in
2438 2384 2767 2447 aeternam

314 2490 380 2553 et
408 2489 595 2571 plane
626 2489 692 2552 in
721 2491 1009 2554 nostram
1042 2490 1303 2554 domum
1333 2491 1756 2572 remigremus
1788 2492 1902 2554 aut
1927 2491 2098 2555 omni
2129 2509 2321 2554 sensu
2345 2491 2766 2571 molestiaque

313 2613 678 2681 careamus;
738 2596 838 2660 sin
884 2599 1101 2661 autem
1146 2597 1308 2660 nihil
1355 2596 1859 2674 denuntiabitur,
1906 2616 1977 2662 eo
2023 2599 2243 2661 tamen
2290 2597 2489 2660 simus
2535 2597 2764 2670 animo,

312 2702 387 2764 ut
430 2701 795 2767 horribilem
851 2703 1035 2766 illum
1082 2703 1250 2767 diem
1314 2703 1455 2767 aliis
1472 2751 1487 2780 ,
1546 2704 1728 2767 nobis
1784 2703 2072 2768 faustum
2132 2705 2433 2786 putemus
2477 2702 2764 2784 nihilque

312 2806 377 2870 in
423 2808 609 2871 malis
657 2808 996 2887 ducamus,
1055 2810 1224 2891 quod
1275 2811 1359 2873 sit
1405 2811 1508 2874 vel
1558 2829 1596 2874 a
1643 2809 1740 2875 dis
1785 2811 2254 2875 immortalibus
2301 2810 2402 2874 vel
2449 2828 2487 2873 a
2531 2811 2767 2873 natura

311 2916 574 2996 parente
622 2916 906 2980 omnium
953 2917 1399 2981 constitutum.
1486 2916 1636 2981 Non
1683 2917 1852 2982 enim
1898 2920 2137 2982 temere
2182 2936 2302 2982 nec
2346 2916 2610 2981 fortuito
2643 2916 2770 2980 sati

313 3158 475 3227 (Ann.
494 3158 567 3226 II,
586 3160 704 3228 88):
743 3201 776 3228 „
793 3160 1114 3215 Graecorum
1142 3162 1423 3217 annalibus
1458 3162 1673 3232 ignotus
1701 3163 2033 3234 (Arminius),
2071 3164 2162 3234 qui
2199 3178 2296 3217 sua
2330 3164 2537 3217 tantum
2566 3162 2763 3216 miran-

311 3247 402 3299 tur
414 3249 462 3300 “.
503 3279 570 3287 -
606 3254 801 3302 mortes
838 3291 850 3302 .
874 3291 885 3303 .
909 3291 920 3303 .
958 3268 1085 3304 eum
1107 3251 1313 3322 yloria]
1351 3277 1420 3297 =
1445 3253 1718 3322 yloriosae
1748 3258 1939 3307 mortes
1977 3253 2105 3307 oder
2131 3253 2312 3307 clarae
2337 3257 2561 3320 morte-53
2600 3251 2767 3306 selbst

310 3334 367 3387 in
418 3335 665 3405 obliquen
700 3337 875 3392 Kasus
921 3341 1139 3393 werden
1174 3340 1858 3409 Prapositionalausdriicke
1904 3341 2253 3411 adjektivisch
2299 3341 2594 3410 gebraucht
2646 3340 2764 3410 (Ov.

312 3425 436 3477 met.
475 3425 520 3489 I,
558 3427 653 3481 20:
692 3428 1040 3496 „pugnabant
1077 3470 1089 3483 .
1113 3470 1124 3483 .
1148 3470 1160 3482 .
1199 3429 1313 3484 sine
1349 3431 1582 3499 pondere
1620 3430 1871 3485 habentia
1905 3432 2110 3500 pondus
2124 3432 2194 3500 “).

463 3526 577 3567 11⁷.
624 3514 771 3579 Quae
805 3534 932 3570 eum
966 3518 1050 3571 ita
1084 3518 1219 3588 sint]
1270 3520 1468 3587 „Trotz
1506 3519 1778 3574 alledem“
1816 3519 1933 3590 (der
1967 3519 2267 3589 Beispiele).
2307 3550 2378 3559 —
2430 3517 2706 3589 superiore
2741 3537 2767 3572 e

312 3601 443 3671 loeo]
484 3628 550 3647 =
587 3621 615 3657 e
648 3611 911 3674 suyyestu,
949 3607 1197 3676 'Pr-ibiine,
1236 3625 1404 3675 „vom
1441 3609 1701 3665 erhohten
1736 3609 2047 3664 Standort“.
2086 3641 2153 3649 —
2192 3608 2520 3663 coniventem
2555 3609 2763 3677 somno]

311 3690 786 3758 ‚‚einschlafend“.
843 3727 911 3735 -—
966 3695 1137 3750 Nemo
1171 3698 1276 3766 me]
1325 3713 1366 3751 S.
1419 3715 1485 3751 zu
1523 3701 1554 3768 ξ
1588 3700 1676 3754 34.
1733 3730 1802 3738 -
1857 3698 1951 3752 ille
1984 3698 2226 3768 saptiam]
2276 3697 2474 3766 „jener
2505 3696 2689 3751 Weise
2703 3699 2764 3766 “3

311 3778 413 3849 qui
444 3779 512 3833 ‘bn
545 3797 771 3836 numero
797 3788 995 3853 septem
1020 3784 1359 3854 sapimium
1384 3792 1722 3853 numeratur,
1761 3803 1867 3841 von
1903 3787 2026 3841 dem
2054 3804 2179 3841 man
2208 3788 2373 3841 etwas
2398 3786 2766 3841 Gescheiteres

313 3871 576 3923 erwarten
612 3870 824 3926 konnte.
883 3902 950 3912 —-
1005 3873 1155 3927 Mors
1191 3876 1335 3944 mea]
1374 3875 1474 3929 Bei
1509 3875 1766 3930 Plutarch
1815 3876 1872 3929 in
1907 3876 2008 3930 der
2040 3875 2440 3946 Vergleichung
2475 3875 2570 3930 des
2606 3875 2765 3930 Solon

311 3958 422 4011 und
458 3957 729 4027 Poplicola
764 3961 953 4016 stehen
988 3963 1134 4017 diese
1169 3963 1366 4019 Verse:

739 4053 914 4119 Μηδέ
941 4074 1046 4126 μοι
1084 4058 1392 4117 ἄκλαυστος
1430 4059 1679 4117 θάνατος
1712 4059 1895 4128 μόλοι,
1935 4057 2072 4110 ἀλλὰ
2111 4059 2328 4129 φίλοισι

742 4143 1053 4215 Ποιήσαιμι
1087 4145 1279 4198 θανὼν
1316 4148 1485 4214 ἄλγεα
1521 4149 1617 4198 καὶ
1654 4148 1946 4217 στοναχάς.

462 4245 576 4291 118.
613 4235 995 4292 denuntiatum
1020 4239 1285 4310 vedeatur]
1316 4241 1481 4309 „eine
1499 4241 1898 4312 Ankiindigung
1915 4241 2007 4311 (W
2008 4240 2138 4310 ink),
2162 4239 2249 4294 die
2269 4255 2373 4294 uns
2391 4255 2496 4294 von
2513 4253 2763 4292 unserem

309 4325 509 4379 Posten
543 4324 749 4395 abruft,
798 4344 868 4381 zu
904 4327 1175 4384 erkennen
1209 4329 1501 4398 glauben“.
1542 4360 1609 4370 —-
1657 4331 1739 4385 vel
1771 4348 1811 4385 a
1844 4330 1934 4384 die
1972 4371 1984 4384 .
2009 4371 2021 4384 .
2044 4370 2056 4383 .
2093 4330 2174 4384 vel
2206 4347 2246 4384 a
2278 4328 2503 4398 natura]
2553 4325 2658 4397 ng
2698 4344 2764 4381 zu
