3221 4850
1390 315 1506 371 Lib.
1544 315 1588 384 Ι,
1627 331 1674 369 c.
1714 317 1798 371 11.
2757 312 2829 374 41

369 483 437 546 te
482 481 604 545 hoc
648 479 810 545 forte
855 479 1152 557 delectat,
1197 497 1381 562 posse
1428 478 1694 556 animos,
1740 496 1890 542 cum
1935 495 1969 542 e
2016 477 2380 561 corporibus
2427 477 2829 556 excesserint,

373 588 441 652 in
487 587 736 653 caelum
783 586 968 668 quasi
1011 586 1080 650 in
1125 585 1516 650 domicilium
1561 603 1752 650 suum
1797 585 2143 668 pervenire.

546 692 633 758 A.
698 694 806 759 Me
868 713 1013 759 vero
1069 693 1346 758 delectat
1401 692 1593 774 idque
1651 692 1931 775 primum
1977 691 2071 756 ita
2116 710 2256 757 esse
2301 691 2493 756 velim
2510 739 2526 769 ,
2585 689 2832 769 deinde,

373 801 624 867 etiamsi
667 819 797 865 non
844 800 946 877 sit,
991 800 1150 863 mihi
1194 798 1564 883 persuaderi
1609 800 1829 862 tamen
1873 798 2083 863 velim.

547 906 647 971 M.
719 905 887 986 Quid
941 906 1060 971 tibi
1117 925 1266 988 ergo
1321 924 1511 989 opera
1563 907 1787 970 nostra
1844 923 2003 988 opus
2060 906 2204 970 est?
2263 923 2424 970 num
2468 904 2831 986 eloquentia

370 1014 773 1079 Platonem
804 1032 1102 1097 superare
1133 1014 1526 1096 possumus?
1592 1011 1829 1076 Evolve
1864 1011 2199 1101 diligenter
2230 1011 2367 1077 eius
2400 1029 2547 1076 eum
2578 1011 2831 1089 librum,

377 1122 487 1204 qui
532 1123 633 1187 est
678 1120 755 1185 de
804 1120 1050 1195 animo;
1099 1119 1373 1203 amplius
1420 1117 1591 1201 quod
1636 1118 1974 1195 desideres,
2017 1118 2181 1182 nihil
2225 1118 2365 1183 erit.

548 1227 635 1291 A.
702 1227 851 1292 Feci
895 1227 1256 1292 mehercule
1304 1229 1371 1292 et
1410 1225 1670 1308 quidem
1717 1225 2004 1308 saepius3
2052 1224 2162 1289 sed
2211 1224 2422 1290 nescio
2465 1243 2589 1307 quo
2627 1224 2833 1302 modo,

373 1335 531 1399 dum
575 1334 735 1416 lego,
783 1334 1121 1411 adsentior,
1168 1353 1316 1399 cum
1346 1333 1531 1416 posui
1574 1333 1812 1397 librum
1858 1334 1924 1397 et
1967 1351 2223 1397 mecum
2267 1331 2404 1416 ipse
2452 1331 2530 1396 de
2575 1332 2836 1396 immor-

381 1441 635 1505 talitate
684 1440 1041 1505 animorum
1087 1440 1265 1523 coepi
1311 1440 1607 1522 cogitare,
1655 1438 1945 1504 adsensio
1992 1438 2197 1503 omnis
2243 1439 2356 1503 illa
2401 1439 2694 1503 elabitur.

553 1546 653 1611 M.
725 1546 894 1626 Quid
948 1548 1114 1612 hoc?
1172 1546 1370 1611 dasne
1429 1548 1543 1611 aut
1594 1564 1854 1611 manere
1913 1545 2158 1610 animos
2202 1547 2349 1630 post
2401 1548 2676 1617 mortem
2723 1546 2837 1609 aut
2857 1562 2921 1606 υ

377 1656 583 1719 morte
629 1655 772 1739 ipsa
816 1652 1124 1719 interire?

552 1761 640 1825 A.
709 1761 809 1826 Do
855 1780 1020 1827 vero.

553 1866 654 1931 M.
725 1866 915 1949 Quid,
958 1868 1014 1932 si
1057 1868 1411 1932 maneant?

555 1972 640 2038 A.
706 1974 943 2039 Beatos
991 1992 1128 2039 esse
1176 1969 1465 2039 concedo.

557 2079 656 2145 M.
729 2079 843 2145 Sin
885 2080 1252 2145 intereant?

556 2188 638 2252 A.
708 2188 853 2253 Non
908 2206 1047 2253 esse
1102 2187 1398 2266 miseros,
1455 2187 1755 2269 quoniam
1809 2205 1891 2252 ne
1947 2186 2079 2251 sint
2134 2185 2424 2268 quidem;
2484 2185 2614 2250 iam
2671 2185 2840 2251 istuc

381 2295 585 2360 coacti
629 2313 668 2359 a
711 2297 779 2360 te
824 2295 1016 2378 paulo
1063 2296 1212 2359 ante
1259 2293 1705 2359 concessimus.

558 2401 656 2467 M.
729 2400 869 2482 Quo
915 2401 1102 2467 modo
1131 2401 1331 2485 igitur
1363 2403 1478 2466 aut
1507 2420 1622 2467 cur
1661 2402 1935 2466 mortem
1981 2400 2227 2466 malum
2257 2399 2374 2465 tibi
2403 2398 2605 2465 videri
2634 2398 2837 2465 dicis?

382 2528 545 2593 quae
607 2511 722 2575 aut
764 2510 985 2574 beatos
1029 2528 1146 2574 nos
1194 2508 1427 2574 efficiet
1480 2508 1710 2574 animis
1765 2509 2176 2574 manentibus
2232 2509 2347 2573 aut
2389 2526 2518 2572 non
2573 2506 2839 2572 miseros

383 2635 579 2682 sensu
625 2619 934 2681 carentes.
2721 2660 2764 2718 ,Α
2783 2649 2830 2708 ‘J’

379 2828 522 2882 kann
567 2828 708 2882 nach
753 2826 940 2881 keiner
973 2825 1118 2881 Seite
1163 2826 1221 2879 in
1255 2824 1715 2880 Mitleidenschait
1757 2842 1991 2895 gezogen
2026 2826 2303 2880 werden“.
2354 2857 2422 2866 —
2470 2824 2840 2894 domicilium]

378 2917 432 2973 N
433 2917 534 2972 ach
582 2916 736 2972 Plato
789 2915 948 2970 leben
1002 2914 1089 2969 die
1142 2914 1546 2970 menschlichen
1593 2914 1789 2970 Seelen
1845 2916 2026 2970 zuerst
2074 2914 2152 2985 (in
2205 2915 2304 2969 der
2350 2914 2718 2983 Praexistenz)
2765 2913 2842 2966 im

377 3005 645 3074 Himmel,
692 3005 944 3060 kommen
988 3004 1129 3059 dann
1174 3004 1232 3057 in
1276 3004 1362 3058 die
1399 3004 1627 3058 Fremde
1672 3005 1722 3058 d.
1759 3004 1812 3056 h.
1850 3004 1908 3056 in
1952 3003 2039 3058 die
2076 3004 2285 3073 Korper
2326 3004 2438 3058 und
2482 3003 2687 3057 kehren
2734 3018 2842 3057 von

380 3094 608 3150 diesen
592 3111 651 3147 m
674 3093 760 3149 die
777 3093 996 3149 Heimat
1021 3093 1238 3148 zuriick.
1277 3125 1345 3133 —
1377 3093 1633 3162 primum
1672 3133 1684 3146 .
1707 3133 1720 3146 .
1742 3093 1975 3163 vel.im]
2002 3097 2250 3168 μάλιστα
2275 3096 2383 3168 μὲν
2419 3097 2843 3168 ...βουλοίμην

384 3190 467 3240 ἄν.
504 3213 574 3224 -
603 3183 1008 3253 persuadet-ss,
1013 3182 1295 3250 ,einreden
1330 3181 1567 3237 lassen‘fi
1606 3212 1676 3222 —
1722 3182 1988 3252 Evolve]‚
1992 3181 2161 3250 ‚‚rolle
2198 3182 2413 3252 schlage
2450 3135 2586 3236 aust
2624 3181 2719 3237 das
2753 3199 2842 3235 vo·

380 3273 566 3327 lumen
595 3298 660 3318 ==
689 3272 924 3340 librum3
961 3271 1130 3326 durch
1166 3271 1487 3341 diliqemius
1521 3271 1716 3325 niihert
1750 3271 1866 3325 sich
1892 3272 2059 3326 evolve
2085 3287 2389 3340 unserem,
2392 3271 2579 3340 ,lies“.
2617 3302 2686 3312 —
2722 3271 2842 3325 eius

378 3363 526 3432 eum]
564 3360 796 3417 beliebte
833 3360 1389 3430 Zusammenstellung
1423 3360 1521 3414 der
1545 3360 1882 3415 Pronomina.
1921 3391 1989 3400 —
2028 3360 2234 3414 librum
2271 3401 2284 3413 .
2307 3401 2319 3414 .
2342 3361 2454 3415 .de
2488 3360 2699 3430 animo]
2737 3360 2843 3414 den

379 3450 680 3521 gefeierten
698 3449 889 3519 Dialog
920 3452 1155 3506 Φαίδων
1173 3450 1448 3520 (Phaedo),
1475 3449 1766 3503 besonders
1784 3466 1954 3519 gegen
1973 3448 2205 3504 SchlusS.
2221 3481 2290 3490 —
2308 3449 2554 3518 amplius
2584 3490 2596 3502 .
2628 3490 2641 3502 .
2673 3490 2685 3502 .
2713 3448 2838 3518 erit]

383 3565 448 3585 =
488 3539 641 3594 nihil
673 3541 805 3606 erit,
853 3539 995 3608 quod
1027 3539 1271 3609 amplius
1306 3538 1584 3593 desideres.
1636 3570 1706 3579 —
1754 3538 1915 3608 Feci]
1953 3540 2082 3592 statt
2117 3537 2211 3592 des
2246 3537 2626 3592 wiederholten
2660 3537 2841 3605 evolvi,

381 3627 484 3682 wie
520 3627 620 3682 wir
664 3628 738 3680 im
775 3627 1100 3683 Deutschen.
1152 3658 1221 3668 —
1268 3627 1449 3682 nescio
1495 3645 1597 3697 quo
1643 3628 1820 3697 modo]
1858 3627 1960 3681 wie
2004 3626 2187 3681 nescio
2223 3643 2326 3696 quo
2358 3631 2516 3696 paeto
2553 3625 2843 3680 adverbiell

381 3716 483 3771 mit
529 3717 650 3788 dem
687 3716 957 3771 Indikativ
1005 3716 1281 3771 adsentior
1326 3716 2086 3788 (‚‚unbegreiflicherweise“).
2139 3746 2207 3755 —
2250 3715 2446 3786 posui]
2493 3715 2699 3771 Ponere
2740 3715 2843 3770 wie

381 3812 586 3874 vestem,
625 3823 790 3861 arma
825 3805 983 3876 (auch
1018 3806 1267 3873 dolorem,
1305 3806 1514 3875 vitam),
1553 3806 1850 3876 Gegensatz
1886 3805 1953 3859 in
1986 3822 2190 3860 manus
2224 3822 2449 3859 sumere.

532 3907 613 3949 25.
671 3893 820 3960 Quid
851 3894 1006 3965 Ιιοοέ]
1045 3894 1212 3963 „Was
1248 3894 1318 3949 ist
1353 3895 1509 3963 das?,
1547 3894 1649 3948 wie
1683 3894 1885 3948 kommt
1920 3894 2100 3948 das?“
2146 3924 2215 3934 —
2264 3894 2434 3949 dasne
2469 3899 2567 3949 aut
2724 3894 2842 3963 aut]

385 3982 584 4052 ,‚Gibst
608 3984 681 4037 du
713 4000 795 4051 zu,
832 3984 949 4039 dass
977 3983 1126 4038 eines
1154 4000 1259 4038 von
1288 3983 1480 4038 beiden
1507 3983 1826 4051 stattfindet,
1863 3982 1981 4038 dass
2018 3983 2289 4037 entweder
2326 4024 2339 4038 .
2362 4022 2374 4036 .
2397 4023 2409 4037 .
2449 3983 2577 4038 oder
2614 4024 2626 4037 .
2650 4024 2663 4037 .
2684 3985 2752 4035 .“.
2773 4012 2842 4022 -

382 4072 468 4126 Do
503 4073 643 4142 vero]
680 4072 977 4128 verstarkte
1004 4071 1300 4142 Bejahung,
1339 4076 1729 4147 ὁμολογοῦμαι
1767 4073 1852 4141 δή.
1882 4101 1951 4111 -
1987 4071 2181 4126 Beatos
2216 4088 2328 4126 esse
2362 4071 2604 4141 concedo]
2641 4070 2723 4124 Ist
2747 4069 2843 4125 das

384 4160 474 4217 ein
509 4160 817 4304 iiberlegtes
846 4160 1231 4231 Zugestiindnis
1268 4161 1364 4215 des
1400 4160 1452 4215 A
1466 4161 1493 4214 P
1548 4158 1620 4215 So
1654 4161 1860 4215 kommt
1883 4160 1955 4214 M
1979 4160 2146 4215 leicht
2182 4178 2249 4214 zu
2285 4160 2383 4214 der
2407 4158 2839 4228 Formulierung:

381 4256 482 4306 aut
524 4250 751 4305 beatos.
809 4255 959 4305 .aut
992 4268 1107 4305 non
1139 4250 1384 4305 miseros.
1436 4280 1504 4291 —
1557 4250 1667 4304 Sin
1701 4249 2057 4305 intereant&
2115 4267 2279 4304 ‚non
2316 4291 2328 4303 .
2352 4290 2363 4303 .
2387 4289 2399 4303 .
2436 4248 2684 4319 miseros]
2730 4248 2843 4303 Der

382 4328 670 4410 ‘Cher-gang
704 4356 829 4395 vom
864 4339 994 4396 Sein
1030 4356 1155 4394 zum
1191 4338 1477 4394 Nichtsein
1512 4339 1648 4393 wird
1685 4340 1823 4394 auch
1858 4338 1979 4394 hier
2013 4291 2164 4393 nicht
2201 4338 2398 4393 betont.
