3221 4850
1292 290 1408 344 Lib.
1445 290 1490 357 1,
1529 306 1574 343 0.
1613 292 1842 345 36—37.
2730 287 2803 349 8⁷

340 454 501 518 roris
560 455 627 518 in
690 454 897 518 verbo.
1007 452 1054 518 C
1077 471 1308 519 arere
1369 452 1567 535 igitur
1625 453 1745 516 hoc
1804 451 2152 533 significat:
2224 468 2408 533 egere
2469 469 2571 530 eo,
2632 449 2800 532 quod

341 562 574 626 habere
634 561 809 626 velis.
899 560 1083 625 Inest
1141 561 1311 625 enim
1374 560 1536 625 velle
1595 559 1662 621 in
1723 559 1994 623 carendo
2016 607 2031 635 ,
2099 558 2224 622 nisi
2278 576 2424 622 cum
2484 558 2575 623 sio
2633 560 2800 622 tam-

341 687 539 750 quam
599 669 666 732 in
725 667 884 732 febri
931 667 1166 733 dicitur
1226 667 1353 732 alia
1402 666 1679 748 quadam
1739 666 1993 729 notione
2041 665 2234 729 verbi.
2323 663 2576 728 Dicitur
2629 664 2800 728 enim

341 776 465 839 alio
524 775 708 840 modo
768 775 964 839 etiam
1025 793 1271 851 carere,
1329 793 1475 838 cum
1524 773 1765 854 aliquid
1822 791 1950 836 non
1996 772 2234 836 habeas
2282 773 2348 836 et
2390 790 2518 835 non
2563 771 2797 836 habere

340 884 404 946 te
468 882 738 959 sentias,
809 882 1064 946 etiamsi
1123 881 1188 945 id
1249 880 1432 946 facile
1491 881 1754 963 patiare.
1846 880 1956 942 Ita
2014 897 2226 943 carere
2281 878 2347 941 in
2406 879 2611 942 morte
2670 896 2798 942 non
2881 915 2887 924 ·

342 988 607 1063 dicitur;
676 1007 795 1053 nec
853 988 1023 1052 enirn
1095 990 1265 1052 esset
1324 987 1699 1060 dolendum3
1772 986 2003 1051 dicitur
2069 985 2264 1049 illud:
2334 985 2496 1048 bono
2565 1002 2796 1062 carere,

340 1095 510 1176 quod
573 1096 673 1159 est
731 1095 992 1159 malum.
1087 1094 1211 1160 Sed
1272 1114 1352 1159 ne
1400 1094 1583 1159 vivus
1633 1092 1889 1176 quidem
1948 1093 2110 1157 bono
2157 1093 2362 1169 caret,
2423 1091 2478 1155 si
2537 1109 2610 1155 eo
2668 1110 2796 1155 non

338 1202 613 1283 indiget;
684 1202 793 1266 sed
853 1201 920 1265 in
966 1201 1108 1266 vivo
1166 1201 1453 1284 intellegi
1499 1204 1718 1266 tamen
1762 1201 1976 1283 potest
2019 1218 2214 1281 regno
2258 1200 2324 1263 te
2372 1216 2583 1263 carere
2645 1197 2797 1281 (dici

341 1311 559 1372 autem
618 1310 738 1373 hoc
794 1308 862 1372 in
910 1311 975 1373 te
1037 1309 1194 1373 satis
1242 1308 1563 1372 subtiliter
1617 1326 1745 1371 non
1788 1307 2018 1390 potest,
2063 1308 2280 1389 posset
2323 1305 2390 1368 in
2435 1305 2795 1386 Tarquinio,

338 1433 487 1479 cum
548 1433 744 1496 regno
805 1417 978 1480 esset
1036 1415 1395 1498 expulsus),
1469 1417 1537 1478 at
1595 1414 1663 1477 in
1721 1417 1974 1477 mortuo
2032 1430 2113 1477 ne
2174 1412 2460 1493 intellegi
2520 1411 2796 1493 quidem.

343 1520 576 1586 Carere
624 1521 792 1585 enim
841 1521 1177 1585 sentientis
1228 1522 1347 1598 est,
1390 1539 1508 1584 nec
1554 1538 1780 1584 sensus
1826 1520 1892 1582 in
1936 1520 2222 1593 mortum
2268 1537 2351 1583 ne
2397 1537 2609 1583 carere
2658 1519 2797 1600 qui-

341 1626 488 1691 dem
534 1628 732 1709 igitur
774 1628 839 1692 in
887 1629 1139 1692 mortuo
1186 1630 1300 1692 est.

522 1732 928 1816 Quamquam
978 1735 1128 1817 quid
1178 1753 1334 1817 opus
1382 1735 1483 1797 est
1525 1734 1592 1797 in
1639 1734 1758 1799 hoc
1802 1732 2250 1816 philosophari,
2296 1751 2445 1797 cum
2489 1750 2627 1796 rem
2666 1715 2898 1847 1101ιὲ3

342 1859 725 1923 magnopere
794 1841 1196 1925 philosophia
1278 1859 1461 1922 egere
1530 1840 1910 1904 videamus?
2025 1837 2332 1917 Quotiens
2405 1858 2533 1903 non
2608 1838 2794 1903 modo

340 1947 636 2012 ductores
705 1948 941 2024 nostri,
1019 1948 1129 2011 sed
1199 1947 1479 2011 universi
1547 1946 1741 2011 etiam
1811 1945 2123 2010 exercitus
2189 1945 2268 2009 ad
2335 1964 2463 2009 non
2534 1945 2794 2010 dubiam

340 2058 616 2119 mortem
663 2054 1152 2119 concurrerunt!
1248 2052 1426 2132 Quae
1476 2052 1732 2134 quidem
1780 2053 1836 2117 si
1881 2053 2234 2130 timeretur,
2278 2071 2405 2115 non
2445 2052 2516 2114 L.
2546 2051 2793 2116 Brutus

341 2180 564 2226 arcens
625 2181 773 2226 eum
832 2161 1042 2226 reditu
1101 2164 1481 2243 tyrannum,
1552 2178 1743 2241 quem
1812 2159 1947 2242 ipse
2007 2159 2364 2241 expulerat,
2431 2158 2499 2221 in
2557 2158 2793 2241 proelio

339 2268 740 2345 concidisset,
786 2287 911 2333 non
959 2287 1106 2333 cum
1136 2267 1383 2331 Latinis
1432 2267 1766 2331 decertans
1811 2267 1994 2348 pater
2024 2265 2277 2341 Deoiu8‚
2325 2284 2470 2329 cum
2502 2265 2793 2329 Etruscis

340 2374 539 2453 filius,
601 2391 746 2441 cum
793 2375 1039 2458 Pyrrho
1096 2393 1294 2458 nepos
1356 2392 1422 2438 se
1481 2373 1767 2439 hostium
1823 2373 1969 2438 telis
2016 2371 2419 2450 obiecissent,
2476 2391 2606 2437 non
2666 2390 2792 2436 uno

337 2647 712 2726 fJbersetzung
759 2657 831 2710 ist
876 2656 1338 2725 ausgeschlossen‚
1388 2672 1546 2709 wenn
1583 2656 1681 2709 der
1716 2654 2186 2724 Sprachgebrauch
2224 2655 2370 2708 eines
2407 2655 2623 2708 Wortes
2658 2655 2792 2708 fest-

334 2745 515 2815 gelegt
536 2746 753 2799 werden
782 2744 896 2799 soll.
936 2777 1002 2785 -
1040 2762 1109 2798 ne
1138 2786 1149 2798 .
1169 2785 1209 2798 ..
1239 2744 1483 2814 aliquid]
1515 2745 1728 2812 „damit
1756 2785 1768 2797 .
1791 2785 1803 2797 .
1826 2785 1838 2797 .
1868 2743 2185 2798 keinerlei“.
2215 2775 2283 2783 —
2320 2743 2387 2797 in
2407 2743 2576 2813 febri]
2607 2743 2792 2811 „beim

335 2837 504 2905 (vom)
540 2834 808 2903 Fieber‘·;
864 2834 1059 2887 ebenso
1104 2833 1343 2887 hernach
1392 2834 1459 2887 in
1494 2838 1679 2887 morte.
1735 2863 1804 2873 —
1858 2833 2095 2902 notione]
2136 2830 2403 2901 „Begriffl
2441 2832 2684 2886 Inhalt“.
2723 2864 2790 2872 —

334 2924 504 2991 facile
531 2924 773 2993 patiare]
827 2923 926 2976 wie
972 2923 1106 2976 oben
1157 2925 1208 2993 (ς
1245 2923 1361 2990 55);
1402 2922 1603 2990 „facile
1642 2938 1759 2976 sum
1795 2937 1985 2991 passus
1998 2925 2048 2989 ⁶⁴,
2106 2938 2306 2989 „wenn
2344 2937 2469 2974 man
2509 2960 2555 2973 ..
2580 2963 2592 2975 .
2629 2921 2794 2975 leicht

336 3013 591 3067 nimmt“.
630 3044 698 3052 ——
734 3013 822 3066 Ita
856 3029 1038 3066 earere
1073 3012 1140 3065 in
1173 3017 1344 3066 morte
1377 3028 1490 3066 non
1516 3011 1742 3081 dieitur]
1783 3051 1815 3078 „
1831 3010 1900 3065 So
1936 3010 2232 3080 gebraucht
2267 3026 2389 3063 man
2426 3026 2608 3064 carere
2643 3010 2793 3064 nicht

338 3102 479 3155 beim
515 3103 655 3156 Tode
695 3128 758 3146 =
799 3117 956 3156 wenn
992 3117 1118 3155 man
1154 3117 1279 3155 vom
1314 3100 1453 3155 'l'ode
1499 3100 1649 3170 (oder
1682 3100 1786 3154 den
1821 3101 2006 3167 Toten)
2057 3099 2330 3168 spricht“;
2386 3102 2489 3168 vgl.
2529 3099 2562 3167 ξς
2600 3100 2685 3155 77.
2724 3131 2791 3139 -

344 3191 539 3245 Carere
589 3231 600 3243 .
634 3231 645 3243 .
679 3231 691 3244 .
741 3189 1023 3244 sentientis
1072 3191 1168 3259 est]
1217 3190 1454 3257 „Carere
1500 3191 1639 3242 setzt
1674 3189 1761 3242 ein
1797 3189 2123 3257 Empfinden
2159 3203 2353 3241 vorans
2366 3190 2416 3255 “,
2466 3188 2590 3241 dem
2627 3186 2792 3243 Sinne

333 3278 476 3333 nach
514 3305 578 3324 =
617 3279 825 3333 dieitur
859 3280 926 3333 in
959 3279 1230 3333 sentiente.
1270 3311 1338 3318 -
1374 3280 1491 3348 nec]
1530 3279 1707 3348 „aber
1744 3319 1756 3331 .
1780 3319 1792 3332 .
1815 3318 1827 3331 .
1867 3277 2050 3332 kein“.

481 3422 636 3491 Καρ.
677 3422 778 3478 37.
856 3434 938 3479 89.
985 3421 1331 3491 Quamquam
1369 3421 1505 3490 quid
1528 3438 1665 3490 opus
1700 3425 1777 3474 est
1811 3420 1879 3474 in
1913 3421 2009 3475 hoe
2037 3420 2261 3490 philos]
2301 3420 2500 3487 „Doch
2537 3435 2688 3474 wozu
2724 3419 2794 3473 ist

335 3526 397 3565 es
442 3511 589 3579 notig
602 3551 617 3577 ,
673 3510 844 3564 hierin
897 3528 963 3564 zu
1012 3510 1194 3580 phil.“,
1251 3509 1399 3564 stellt
1441 3510 1528 3564 die
1566 3510 1733 3579 Frage
1781 3509 1931 3563 nicht
1976 3508 2174 3564 sowohl
2210 3508 2547 3578 geringfiigig
2581 3508 2675 3560 hin
2713 3507 2792 3562 als

335 3616 398 3654 es
452 3600 556 3653 den
596 3599 753 3653 Wert
805 3600 901 3653 der
954 3599 1310 3668 Beispiele
1364 3600 1459 3652 fiir
1510 3600 1627 3652 ihre
1676 3599 2094 3667 Beantwortung
2149 3597 2348 3652 betont.
2407 3629 2476 3638 --
2528 3598 2790 3667 ductores]

336 3688 712 3757 „Offiziere“.
754 3719 820 3728 —
858 3689 933 3742 ad
966 3705 1078 3743 non
1112 3688 1340 3742 dubiam
1375 3694 1601 3742 monem
1638 3689 2045 3758 concurrerunt]
2087 3689 2400 3755 „stiirmten
2438 3702 2535 3740 vor
2570 3685 2793 3756 (griffen

338 3778 429 3846 an)
468 3778 562 3832 auf
599 3776 758 3831 einen
794 3777 1041 3831 sicheren
1075 3777 1183 3831 'Pod
1219 3777 1315 3830 hin
1352 3777 1676 3846 (angesichts
1715 3777 1862 3831 eines
1898 3776 2146 3831 sicheren
2180 3776 2441 3845 Todes)“;
2479 3775 2583 3845 vgl.
2621 3778 2652 3845 ξ
2691 3777 2790 3831 101

333 3867 475 3920 und:
515 3866 798 3934 „Militiast
832 3865 1018 3935 potior.
1079 3865 1216 3932 Quid
1264 3866 1447 3919 enim?
1512 3865 1886 3937 Concurritur3
1940 3865 2102 3919 horae
2144 3866 2152 3935 Ι
2192 3864 2463 3920 Momento
2501 3864 2607 3918 cita
2649 3879 2792 3918 mors

335 3954 487 4009 venit
521 3958 613 4008 aut
646 3955 869 4009 victoria
903 3955 1106 4019 laeta“,
1158 3955 1287 4009 Hor.
1328 3957 1425 4009 sat.
1463 3955 1509 4022 Ι,
1551 3959 1598 4022 1,
1638 3957 1761 4023 qu.
1817 3985 1882 3994 —
1940 3954 2004 4008 L.
2042 3954 2270 4023 Brutus]
2323 3956 2428 4010 509
2465 3971 2516 4008 v.
2556 3953 2679 4008 Chr.
2717 3953 2793 4005 im

334 4045 536 4112 Kampf
570 4061 740 4113 gegen
781 4044 867 4098 die
903 4044 1191 4113 Vejenter3
1228 4045 1326 4097 der
1351 4043 1933 4112 Tyrannenvertreiber
1956 4044 2088 4098 wird
2124 4043 2414 4098 besonders
2441 4043 2563 4096 dem
2589 4042 2792 4110 jungen

334 4133 535 4187 Brutus
573 4132 745 4187 zulieb
780 4133 1020 4202 gefeiert.
1073 4165 1142 4174 —
1188 4138 1349 4202 pater
1382 4133 1605 4202 Decius]
1644 4133 1800 4201 Mac-33
1836 4133 1956 4188 hier
1990 4132 2106 4186 drei
2142 4132 2328 4186 Mures
2363 4130 2795 4199 unterschieden,

332 4239 438 4277 von
474 4223 652 4277 denen
701 4224 800 4276 der
832 4223 1003 4276 Vater
1048 4223 1156 4279 340
1193 4240 1244 4277 v.
1285 4221 1409 4278 Chr.
1450 4238 1536 4276 am
1571 4222 1774 4289 Vesuv,
1822 4223 1919 4276 der
1953 4222 2099 4277 Sohn
2134 4222 2244 4277 295
2279 4238 2330 4275 v.
2370 4219 2494 4276 Chr.
2532 4218 2619 4273 bei
2656 4218 2790 4274 Sen-

326 4313 510 4366 tinum
546 4311 899 4383 (Etrusker
942 4311 1043 4365 mit
1088 4312 1193 4366 den
1231 4310 1546 4381 Samniten),
1593 4311 1691 4365 der
1726 4310 1893 4365 Enkel
1931 4312 2037 4366 279
2073 4327 2126 4364 v,
2165 4309 2290 4365 Chr.
2331 4307 2414 4363 bei
2451 4307 2794 4378 A(u)sculum

2986 413 3007 512 ἐ

2974 515 3005 642 (1
