3221 4850
1217 288 1330 343 Lib.
1368 289 1412 357 1,
1450 305 1495 343 ο.
1533 291 1764 347 44—45.
2622 288 2728 353 103

269 449 487 526 Vides,
536 452 780 531 quanto
829 450 986 515 haec
1031 450 1097 514 in
1144 468 1354 515 errore
1400 453 1769 526 versentur3
1830 454 2087 535 portum
2134 472 2273 519 esse
2320 455 2596 538 corporis
2658 458 2723 519 et
2822 409 2839 506 ··³

268 557 663 638 requiescere
711 558 776 620 in
825 557 1111 640 sepulcro
1158 559 1351 639 putat
1394 561 1741 636 mortuum,
1787 577 2021 641 magna
2069 561 2256 643 culpa
2294 560 2563 645 Pelopia
2612 563 2722 643 qui
2838 565 2855 632 ,'

268 682 394 727 non
457 663 760 727 erudierit
816 664 1020 727 filium
1087 682 1206 728 nec
1274 664 1590 741 docuerit,
1657 667 1972 746 quatenus
2034 669 2206 731 esset
2263 668 2542 750 quidque
2614 688 2723 733 cu-

269 770 559 833 randum.

450 876 575 941 Sed
657 878 809 959 quid
886 877 1281 960 singulorum
1359 878 1683 962 opiniones
1762 879 2265 945 animadvertam
2282 930 2297 956 ,
2387 882 2721 946 nationum
2742 859 2849 989 ᾖξε

268 985 476 1048 varios
526 1002 768 1049 errores
813 985 1169 1068 perspicere
1219 1005 1366 1050 cum
1412 984 1649 1050 liceat?
1742 986 2062 1052 condiunt
2091 987 2389 1071 Aegyptii
2434 990 2719 1052 mortuos

266 1092 335 1154 et
380 1109 484 1155 eos
533 1093 789 1156 servant
835 1091 1035 1169 domi,
1095 1091 1329 1158 Persae
1394 1093 1587 1158 etiam
1636 1113 1781 1158 cera
1826 1095 2214 1159 circumlitos
2275 1096 2587 1173 condunt,
2646 1097 2723 1159 ut

270 1216 464 1279 quam
524 1198 798 1262 maxime
857 1202 1275 1281 permaneant
1323 1200 1629 1264 diuturna
1686 1220 1962 1284 corpora.
2051 1202 2389 1284 Magorum
2435 1220 2573 1266 mos
2622 1205 2723 1266 est

269 1323 397 1368 non
440 1305 710 1369 humare
755 1324 1019 1389 corpora
1064 1324 1359 1385 suorum,
1418 1307 1547 1372 nisi
1602 1326 1641 1372 a
1685 1307 1835 1372 feris
1895 1308 2026 1373 sint
2085 1311 2233 1372 ante
2292 1308 2555 1381 laniata.
2641 1307 2720 1371 In

266 1410 592 1493 Hyrcania
635 1412 816 1494 plebs
863 1412 1149 1495 publicos
1198 1412 1315 1477 alit
1362 1432 1578 1491 caneS,
1625 1415 1962 1496 optimates
2010 1414 2404 1479 domesticos.
2495 1413 2722 1479 Nobile

267 1519 484 1581 autem
533 1536 734 1600 genus
766 1535 998 1582 canum
1044 1519 1204 1583 illud
1251 1520 1487 1584 scimus
1536 1539 1708 1595 esse;
1757 1520 1867 1584 sed
1914 1539 2026 1604 pro
2073 1539 2191 1585 sua
2224 1520 2494 1603 quisque
2526 1520 2724 1585 facul-

269 1625 403 1688 tate
451 1626 667 1708 parat,
714 1643 752 1688 a
798 1626 1029 1707 quibus
1077 1625 1386 1703 lanietur,
1433 1644 1702 1708 eamque
1749 1627 2055 1709 optimam
2112 1627 2207 1690 illi
2264 1645 2404 1692 esse
2462 1628 2725 1692 censent

271 1732 686 1813 sepulturam.
777 1732 1110 1796 Permulta
1156 1733 1283 1796 alia
1328 1732 1569 1815 colligit
1614 1729 1937 1817 Chrysip
1949 1753 2114 1817 puS,
2173 1735 2250 1797 ut
2295 1736 2394 1798 est
2438 1734 2506 1798 in
2552 1734 2724 1797 omni

267 1837 536 1901 historia
582 1839 903 1912 curiosus;
963 1840 1073 1904 sed
1132 1839 1226 1903 ita
1289 1841 1502 1904 taetra
1561 1842 1714 1904 sunt
1761 1840 2106 1922 quaedam,
2167 1842 2243 1905 ut
2287 1857 2362 1905 ea
2408 1838 2614 1922 fugiat
2660 1842 2726 1904 et

267 2118 314 2156 s,
344 2105 375 2172 ξ
405 2102 604 2172 19120).
643 2134 711 2142 -
748 2107 950 2171 quanto
980 2144 991 2156 .
1016 2144 1027 2156 .
1051 2144 1062 2155 .
1092 2103 1158 2156 in
1182 2120 1362 2157 errore
1387 2105 1682 2173 versemur]
1712 2103 1813 2171 „in
1840 2103 2075 2158 welcher
2100 2102 2609 2173 Wahnvorstellung
2635 2104 2727 2158 be-

269 2192 470 2260 fangen
506 2193 577 2245 ist
588 2194 636 2246 “.
696 2223 762 2232 —
817 2197 1080 2261 quatenus
1127 2181 1261 2246 esset
1305 2193 1538 2262 quidque
1583 2193 1913 2262 curandum]
1967 2193 2111 2260 „wie
2163 2192 2288 2247 weit
2335 2192 2422 2246 die
2459 2192 2622 2261 Sorge
2674 2192 2727 2244 in

267 2281 450 2349 jedem
487 2279 632 2335 Falle
668 2281 841 2349 gehen
877 2282 1096 2335 diiffe“.

415 2441 568 2511 Kal).
605 2444 708 2500 45.
793 2455 906 2500 108.
943 2442 1290 2512 sinyulorum
1330 2484 1342 2496 .
1366 2484 1412 2496 ..
1450 2443 1764 2512 nationum]
1801 2442 1904 2497 wie
1939 2442 2056 2496 viri
2090 2474 2157 2482 —
2193 2441 2445 2509 feminac,
2483 2441 2728 2495 homines

273 2561 343 2573 —
381 2530 577 2584 bestiae
613 2530 700 2585 ein
738 2530 1469 2602 rhetorisch·schulmtifsiger
1503 2522 1804 2601 Ubergang.
1857 2564 1926 2572 —
1974 2530 2257 2601 Aeyyptii]
2306 2531 2404 2585 Als
2451 2530 2539 2585 ein
2575 2530 2730 2598 Volk,

274 2619 362 2672 bei
397 2619 521 2672 dem
555 2637 785 2688 errores,
833 2637 1038 2674 errores
1068 2622 1367 2690 pravitatis
1404 2621 1491 2691 (V,
1529 2622 1651 2688 78),
1700 2620 1985 2690 opimbnes
2022 2619 2314 2674 herrschen
2327 2660 2341 2687 ,
2391 2620 2607 2673 werden
2643 2620 2731 2673 die

271 2698 516 2777 'A'gypter
552 2709 633 2762 oft
668 2709 958 2777 angefiihrt
1005 2710 1547 2779 (Einbalsamierung‚
1597 2709 1834 2764 Tierkult
1868 2726 1920 2762 u.
1960 2709 2056 2777 a.);
2106 2708 2240 2778 ng:
2293 2724 2447 2777 „non
2482 2708 2733 2777 Aegyptii

163 2834 170 2839 -
273 2813 377 2859 nec
414 2797 538 2866 Syri
572 2814 674 2852 nec
708 2799 829 2853 fere
877 2801 1069 2852 cuncta
1103 2799 1417 2866 barbaria“,
1463 2798 1547 2852 De
1582 2801 1691 2852 nat.
1730 2799 1876 2853 deor.
1913 2799 1965 2865 Ι,
2012 2800 2078 2853 81
2093 2799 2133 2851 f.
2187 2828 2253 2837 —-
2303 2803 2518 2851 servant
2552 2797 2731 2867 domi]

271 2886 457 2940 Daher
509 2887 596 2941 die
650 2887 1004 2957 ungezahlten
1057 2888 1650 2957 Mumiensarkophage‚
1706 2887 1997 2941 uberhauft
2048 2886 2149 2939 mit
2193 2885 2609 2954 Hieroglyphen.
2664 2917 2733 2925 —

273 2975 565 3044 Mayorum
599 2993 718 3030 mos
754 2978 851 3047 est]
889 2976 1182 3046 Beziiglich
1216 2977 1312 3031 der
1358 2976 1765 3046 gewohnlichen
1802 2977 1998 3031 Perser
2030 2975 2184 3030 weiss
2218 2974 2459 3029 Herodot
2494 2975 2569 3044 (Ι,
2609 2975 2733 3043 140)

278 3065 429 3118 nicht
463 3064 641 3119 sicher
675 3066 1013 3135 anzugeben:
1065 3071 1178 3133 „623
1227 3070 1294 3122 οὗ
1344 3071 1612 3141 πρότερον
1657 3072 1936 3122 θάπτεται
1981 3068 2183 3140 ἀνδρὸς
2222 3071 2447 3139 Πέρσεω
2499 3069 2529 3119 ὁ
2578 3070 2735 3127 νέκυς

279 3161 413 3226 πρὶν
440 3160 511 3209 ἄν
542 3153 644 3210 ὑπ’
680 3160 900 3227 ὄρνιθος
927 3162 962 3224 ἥ
986 3161 1145 3218 κυνὸς
1171 3159 1411 3231 ἑλκυσθῇ
1421 3161 1483 3224 ’“;
1522 3155 1662 3209 wohl
1691 3155 1819 3210 aber
1844 3171 1949 3208 von
1985 3155 2092 3208 den
2119 3153 2387 3222 Magiern:
2427 3197 2459 3220 ,,
2467 3176 2513 3227 μ
2527 3157 2564 3208 οἱ
2573 3173 2736 3224 γους

271 3247 385 3317 μὲν
436 3247 546 3316 γὰρ
599 3248 857 3319 ἀτρεκέως
912 3247 1042 3300 οῖδα
1099 3258 1273 3300 ταῦτα
1329 3252 1652 3307 ποιέοντας·
1712 3248 2002 3318 ἐμφανέως
2054 3246 2165 3315 γὰρ
2212 3245 2284 3312 δὴ
2336 3254 2556 3298 ποιεῦσι
2569 3246 2615 3297 “.
2666 3272 2735 3282 -

275 3331 589 3402 Hyrcania]
627 3333 837 3386 siidlich
884 3350 989 3387 von
1034 3334 1132 3387 der
1166 3334 1453 3403 Kaspisee;
1504 3333 1645 3387 nach
1679 3333 1920 3387 Herodot
1954 3332 2031 3401 (Ι,
2080 3333 2203 3400 110)
2240 3332 2562 3401 gebrauchte
2612 3347 2737 3385 man

276 3423 491 3477 Σπακὼ
530 3446 593 3466 ==
630 3425 774 3477 κυνὼ
819 3423 1081 3492 (Hiindin)
1129 3423 1186 3476 in
1234 3423 1416 3477 diesen
1455 3422 1743 3491 Gegenden
1790 3421 1868 3476 als
1905 3421 2493 3491 Frauen(kose)namen.
2533 3452 2602 3460 -
2633 3437 2738 3489 pro

275 3527 386 3563 sua
419 3509 527 3577 fac.
566 3512 689 3580 etc.]
729 3552 761 3579 ,,
770 3512 878 3565 und
913 3513 968 3581 je
1005 3513 1144 3566 nach
1179 3513 1381 3566 seinem
1418 3511 1722 3581 Vermiigen
1757 3510 2058 3566 verschafft
2092 3509 2207 3564 sich
2244 3509 2331 3564 die
2368 3509 2585 3579 (fiere),
2631 3524 2738 3563 von

275 3598 457 3653 denen
470 3602 519 3654 “.
571 3631 639 3640 —-
697 3601 1058 3671 Chrysippus]
1107 3617 1202 3656 aus
1237 3600 1379 3656 Soloi
1414 3600 1471 3654 in
1507 3600 1816 3655 Kleinasien
1853 3600 2158 3666 (282-207
2195 3616 2247 3653 v.
2286 3597 2462 3667 Chr),
2511 3596 2740 3652 Schiiler

275 3688 379 3742 des
416 3688 557 3742 Zeno
593 3690 704 3743 und
742 3689 1059 3758 KleantheS,
1104 3691 1201 3744 der
1237 3689 1554 3759 eigentliche
1591 3691 1759 3744 Vater
1796 3690 1858 3758 (s.
1896 3690 1972 3757 u.)
2022 3689 2120 3742 der
2155 3687 2308 3756 Stoa,
2355 3687 2523 3742 deren
2558 3686 2741 3756 Haupt

277 3793 343 3830 er
378 3778 662 3834 232—209
698 3795 825 3833 war.
899 3778 1057 3834 Seine
1094 3779 1434 3833 zahlreichen
1469 3778 1741 3833 Schriften
1780 3777 2139 3848 (Philosophie
2155 3819 2169 3846 ,
2209 3776 2559 3843 Grammatik‚
2597 3776 2739 3830 Rhe-

275 3866 439 3933 torik)
489 3883 668 3921 waren
718 3884 825 3922 von
871 3869 1105 3938 grossem
1143 3868 1377 3923 Einfluss
1426 3869 1520 3922 auf
1565 3868 1652 3921 die
1670 3867 1912 3921 Romer:
1964 3866 2130 3937 „Non
2178 3865 2343 3934 nosti,
2396 3865 2522 3934 quid
2572 3867 2739 3933 pater,

281 3955 483 4023 inquit,
530 3954 858 4025 Chrysippus
894 3957 1078 4011 dicat“
1116 3960 1245 4026 etc.‚
1282 3957 1413 4012 Hor.
1451 3958 1550 4011 sat.
1587 3957 1647 4025 Ι,
1684 3959 1744 4024 3,
1785 3956 1889 4012 126
1938 3956 2040 4024 (ep.
2079 3955 2131 4022 Ι,
2169 3956 2231 4022 2,
2269 3955 2342 4023 4).
2417 3954 2602 4010 Cicero
2646 3953 2740 4007 be-

281 4045 438 4096 nutzt
472 4043 567 4097 ihn
604 4044 873 4114 ausgiebig
908 4046 964 4099 in
1010 4046 1196 4100 seinen
1233 4044 1695 4115 philosophischen
1732 4044 2022 4099 Schriften.
2094 4042 2302 4098 Bildnis
2348 4041 2435 4095 bei
2471 4040 2559 4097 Ch
2576 4040 2712 4094 rist
2726 4081 2740 4108 ,

278 4131 629 4188 Griechische
655 4134 1226 4204 Literaturgeschichte
1239 4136 1278 4203 ⁴,
1308 4134 1548 4204 Anhang.
1587 4167 1655 4174 —
1694 4139 1757 4189 ut
1790 4138 1865 4188 est
1905 4174 1916 4187 .
1940 4174 1952 4187 .
1975 4175 1987 4187 .
2025 4133 2296 4202 curiosus]
2326 4171 2358 4200 ,,
2372 4130 2461 4185 ein
2484 4129 2741 4184 Notizen-

276 4223 430 4293 jiiger
476 4223 580 4278 wie
629 4240 689 4278 er
736 4223 809 4278 ist
821 4226 852 4255 ‘⁴
891 4225 1164 4295 (curiosus
1208 4226 1318 4279 fast
1363 4225 1440 4278 im
1475 4224 1640 4279 Sinne
1678 4222 2000 4290 Quintilians
2034 4263 2067 4289 ‚‚
2082 4221 2259 4276 nimis
2293 4218 2527 4288 dilzyem
2543 4218 2593 4286 “)
2611 4257 2625 4284 ,
2676 4216 2742 4271 in

274 4312 518 4368 hasteria
563 4312 664 4382 „in
707 4314 807 4368 der
851 4314 1204 4383 Forschung“
1242 4315 1537 4387 (ἱστορεῖν).
1591 4345 1658 4353 -
1706 4319 1769 4368 ut
1806 4354 1818 4367 .
1851 4354 1863 4366 .
1894 4352 1906 4365 .
1945 4310 2139 4380 oratio]
2177 4308 2369 4363 freier:
2419 4306 2578 4376 „dats
2624 4305 2742 4360 sich
