3221 4850
1300 314 1414 369 Lib.
1453 314 1497 383 Ι,
1536 331 1582 369 c.
1621 317 1780 371 3-5.
2697 312 2769 376 27

311 477 804 542 declamitabam
850 495 1104 555 causae,
1153 477 1324 558 quod
1368 496 1554 541 nemo
1599 496 1704 541 me
1752 477 1994 542 diutius
2042 477 2223 556 fecit,
2271 478 2362 542 sic
2404 477 2565 543 haec
2609 477 2770 543 mihi

313 603 486 649 nunc
517 584 732 648 senilis
780 586 880 648 est
925 584 1320 649 declamatio.
1410 584 1652 648 Ponere
1697 584 2013 661 iubebam,
2061 583 2137 649 de
2187 603 2311 667 quo
2360 585 2501 667 quis
2545 585 2766 650 audire

314 692 540 767 vellet3
588 691 670 755 ad
698 691 765 755 id
797 693 913 755 aut
943 689 1170 756 sedens
1218 692 1336 754 aut
1381 691 1718 755 ambulans
1766 690 2189 774 disputabam.
2255 691 2487 773 Itaque
2519 692 2768 757 dierum
2787 709 2817 754 s

316 798 596 880 quinque
659 798 937 875 scholas,
992 800 1067 861 ut
1114 796 1342 862 Graeci
1401 797 1757 881 appellant,
1814 798 1883 861 in
1936 798 2206 862 totidem
2259 798 2454 862 libros
2512 798 2769 863 contuli.

311 905 536 970 Fiebat
582 907 802 969 autem
847 905 956 983 ita,
1002 907 1095 982 ut,
1142 923 1289 969 cum
1333 904 1407 980 13,
1455 905 1567 986 qui
1613 904 1832 969 audire
1872 905 2085 981 vellet,
2132 904 2414 983 dixisset,
2463 905 2616 987 quid
2648 905 2769 969 sibi

316 1012 658 1089 videretur,
702 1013 846 1075 tum
878 1030 992 1094 ego
1025 1013 1245 1076 contra
1276 1011 1568 1076 dicerem.
1658 1011 1836 1076 Haec
1883 1014 1984 1076 est
2031 1012 2219 1090 enim,
2265 1015 2342 1076 ut
2388 1012 2532 1089 3313,
2577 1014 2765 1077 vetus

314 1120 383 1184 et
430 1118 752 1184 Socratica
796 1118 960 1183 ratio
1009 1119 1230 1183 contra
1284 1118 1546 1183 alterius
1593 1118 1951 1202 opinionem
1997 1118 2365 1184 disserendi.
2457 1118 2628 1183 Nam
2673 1119 2768 1184 ita

313 1225 634 1304 facillime,
682 1225 835 1308 quid
880 1226 1014 1291 veri
1060 1226 1459 1290 simillimum
1505 1227 1695 1304 esset,
1739 1225 2008 1291 inveniri
2036 1244 2222 1309 posse
2258 1225 2552 1291 Socrates
2601 1226 2768 1290 arbi-

311 1333 622 1397 trabatur.
717 1332 843 1397 Sed
890 1351 1014 1415 quo
1074 1332 1464 1398 commodius
1511 1333 1975 1416 disputationes
2033 1334 2290 1397 nostrae
2352 1332 2765 1416 explicentur,

315 1439 406 1505 s‘ic
452 1458 559 1504 eas
607 1458 935 1522 exponam,
982 1440 1168 1521 quasi
1214 1443 1443 1522 agatur
1486 1459 1609 1518 133,
1652 1459 1781 1504 11011
1828 1440 2013 1522 quasi
2056 1442 2373 1505 narretur.
2463 1440 2632 1522 Ergo
2673 1439 2767 1505 ita

307 1548 608 1611 nascetur
649 1544 1008 1641 exordium:

696 1624 1043 1657 Ἃ

484 1651 569 1716 Α.
641 1651 943 1717 Malum
987 1640 1183 1717 mihi
1227 1652 1552 1718 videtur
1598 1671 1773 1717 esse
1819 1670 2049 1716 more.
2782 1635 2824 1763 ξ

483 1759 582 1825 Μ
651 1758 845 1837 113113,
893 1759 1003 1842 qui
1047 1760 1291 1824 mortui
1337 1762 1507 1838 sunt,
1555 1779 1637 1824 an
1682 1759 1778 1838 iis,
1827 1759 2057 1842 quibus
2102 1759 2504 1824 moriendum
2552 1762 2696 1825 est?

308 1988 362 2024 v.
376 1969 498 2026 Chr.
520 1969 661 2024 nach
674 1968 846 2023 Gallia
856 1969 1125 2038 Cisalpina
1142 1970 1292 2039 (oder
1301 1970 1562 2039 Hispania
1570 1971 1618 2038 P)
1639 1970 1996 2039 abgegangen.
2017 2002 2085 2011 —
2105 1970 2525 2025 declamitabam
2543 1972 2763 2041 cau-sas]

309 2058 670 2113 Rednerische
709 2058 1078 2126 Gegenstande
1116 2061 1353 2127 (causae)
1391 2058 1708 2113 behandelte
1747 2058 1932 2114 Cicero
1969 2059 2343 2129 iibungsweise
2381 2059 2763 2127 (declamitare,

308 2150 459 2202 sonst
507 2147 912 2216 commentari),
965 2147 1093 2202 aber
1139 2147 1197 2200 in
1242 2164 1431 2217 engem
1478 2146 1770 2201 Anschluss
1820 2164 1889 2201 an
1938 2147 2023 2202 die
2063 2146 2438 2201 Wirklichkeit
2484 2146 2766 2201 lateinisch

310 2237 421 2291 und
456 2235 783 2305 griechisch3
820 2237 1015 2291 andere
1042 2235 1337 2290 vomehme
1364 2236 1562 2290 Romer
1592 2237 1851 2291 scheuten
1877 2238 1997 2290 eine
2025 2236 2205 2291 solche
2235 2236 2399 2290 Miihe
2426 2236 2483 2289 in
2509 2235 2767 2290 hoherem

309 2325 669 2380 Lebensalter.
708 2357 777 2365 —
825 2326 1020 2380 senilis
1054 2325 1396 2395 declamatio]
1444 2325 1821 2395 „Redeiibung
1854 2326 1925 2379 im
1968 2324 2391 2380 Greisenalter“.
2429 2355 2501 2365 —
2535 2325 2763 2394 Ponere]

310 2442 374 2461 =
403 2434 717 2487 proponere,
758 2422 986 2483 τιθέναι,
1023 2414 1126 2469 wie
1155 2415 1341 2485 posita
1379 2441 1444 2460 =
1484 2419 1554 2471 τὰ
1593 2419 1952 2488 ὑποκείμενας
1990 2414 2095 2484 vgl.
2134 2414 2303 2469 These
2341 2416 2534 2485 (θέσις,
2571 2414 2764 2489 θέμα),

309 2505 753 2574 „Aufstellung“.
806 2536 875 2545 —
924 2504 1120 2559 audire
1153 2506 1320 2575 vellet]
1368 2504 1479 2559 also
1524 2504 1678 2558 nicht
1725 2504 2013 2573 eigentlich
2057 2504 2376 2573 dialogisch,
2427 2504 2658 2558 sondem
2706 2504 2765 2556 in

304 2595 406 2648 der
451 2595 611 2649 Form
658 2595 753 2649 des
788 2593 1233 2666 Iehrvortrages3
1284 2609 1381 2648 aus
1429 2595 1624 2648 audire
1676 2594 1875 2648 erklart
1923 2610 2048 2647 man
2097 2594 2184 2648 die
2220 2594 2549 2662 Abkiirzung
2584 2594 2637 2646 A
2685 2592 2765 2648 als

303 2683 528 2737 auditor
561 2684 670 2736 und
708 2683 1222 2751 dementsprechend
1262 2683 1326 2736 M
1364 2683 1442 2736 als
1489 2684 1777 2752 mayister3
1828 2700 1869 2738 s.
1908 2683 2216 2752 Einleitung
2251 2683 2302 2738 S.
2343 2685 2426 2738 12.
2467 2715 2535 2722 —
2574 2684 2648 2736 ad
2680 2683 2762 2753 id]

312 2798 377 2816 =
418 2776 555 2842 πρὸς
592 2784 786 2839 τοῦτο,
838 2772 956 2840 ,,1111
992 2772 1242 2826 Hinblick
1277 2773 1495 2840 darauf,
1545 2773 1846 2841 dariiber“,
1895 2773 2071 2842 wenig
2104 2772 2456 2827 verschieden
2493 2788 2600 2826 von
2635 2789 2761 2827 con-

305 2866 397 2914 tra
431 2861 506 2914 id.
565 2891 634 2901 —
689 2861 1000 2930 ambulans]
1041 2873 1386 2932 περιπατων,
1441 2861 1608 2915 damit
1664 2862 1768 2915 den
1807 2861 2053 2916 Grunder
2104 2862 2199 2916 des
2244 2868 2550 2935 περίπατος
2596 2860 2762 2915 nach-

305 2950 563 3018 ahmend;
602 2950 750 3003 scine
782 2949 1110 3019 Dialogform
1145 2949 1283 3004 habe
1319 2950 1426 3003 den
1463 2948 1921 3021 ,,Ἀριστοτέλειος
1956 2966 2071 3004 mos
2081 2953 2131 3018 “,
2170 2952 2287 3019 sagt
2322 2950 2509 3007 Cicero
2543 2949 2725 3004 selbst.

449 3051 497 3095 8.
533 3038 601 3092 in
639 3080 651 3092 .
674 3079 686 3091 .
709 3080 721 3091 .
759 3038 925 3092 libros
961 3038 1192 3108 contuli]
1229 3038 1331 3092 wie
1369 3038 1530 3092 libris
1566 3039 1833 3107 conclusi,
1887 3039 2066 3107 „habe
2103 3038 2161 3092 in
2195 3039 2415 3094 Biicher
2448 3039 2762 3108 gebracht“,

311 3128 490 3196 „habe
527 3127 947 3197 niedergelegt“.
985 3158 1054 3167 --
1100 3132 1290 3182 contra
1322 3128 1574 3197 dicerem]
1621 3128 1763 3181 noch
1798 3128 1946 3181 nicht
1980 3144 2040 3182 so
2078 3144 2183 3198 eng
2217 3128 2624 3183 verschmolzen
2658 3128 2762 3183 wie

304 3217 361 3270 in
397 3217 706 3271 contredire.
752 3248 821 3257 —
866 3221 1013 3270 vetus
1047 3221 1096 3270 et
1134 3216 1436 3286 Socratica]
1475 3216 1709 3270 Beachte
1745 3217 1831 3271 die
1867 3216 2217 3287 Verbindung
2251 3223 2327 3285 εἰς
2379 3217 2473 3272 das
2508 3218 2618 3271 Fiir
2652 3218 2764 3271 und

303 3306 498 3361 Wider
544 3324 610 3360 zu
660 3308 929 3376 erortern,
978 3305 1117 3360 ohne
1166 3305 1314 3360 331113
1361 3306 1695 3376 personliche
1731 3306 1988 3376 Meinung
2035 3307 2382 3375 darzulegen,
2433 3307 2518 3361 die
2555 3307 2762 3376 Haupt-

306 3395 549 3466 tatigkeit
583 3396 681 3450 der
706 3395 1012 3464 Akademie,
1050 3395 1184 3449 wird
1219 3395 1369 3449 nicht
1394 3412 1529 3465 ganz
1557 3395 1751 3465 richtig
1777 3396 1856 3450 als
1892 3396 2298 3451 sokratisch
2333 3396 2661 3451 bezeichnet.
2691 3427 2761 3436 —

303 3485 698 3556 disputationes
734 3486 970 3554 nostrae]
1008 3500 1066 3538 so
1103 3484 1240 3542 auch
1276 3485 1370 3539 das
1405 3501 1574 3554 ganzo
1601 3484 1771 3538 Werk
1797 3484 2207 3554 Disputationes
2243 3485 2577 3539 Mandanae
2604 3485 2763 3554 (auch

303 3572 648 3643 umgestellt).
679 3605 748 3613 —
775 3563 1323 3643 er901i'Jbergang
1359 3590 1505 3627 zum
1534 3573 1927 3643 Hauptteil.
1959 3605 2027 3614 —
2064 3574 2148 3628 ita
2176 3578 2432 3628 nascetur
2456 3573 2761 3643 exordium]

311 3662 453 3730 „soll
488 3663 585 3716 der
619 3664 836 3732 Anfang
870 3662 1198 3732 (E'inleitung
1233 3663 1328 3717 des
1364 3663 1684 3732 Gesprachs)
1722 3678 1781 3717 so
1818 3662 2151 3718 einsetzen“.

306 3825 784 3909 Hauptteil:
842 3823 1361 3909 Widcrlegung
1420 3824 1552 3892 der
1607 3823 1899 3891 ThesiS:
1962 3823 2195 3908 „Date
2256 3824 2388 3892 der
2432 3823 2588 3893 'I'od
2642 3824 2764 3892 ein

294 3911 492 3997 ilbel
537 3930 724 3998 sei.“
814 3931 976 4016 Kap.
1006 3940 1220 3999 5-47
1272 3932 1651 4017 (perfectum
1700 3933 1817 4009 est,
1863 3934 1939 3996 ut
1982 3934 2259 3998 mortem
2303 3952 2433 3997 non
2464 3933 2762 3997 ducerem

1356 4040 1424 4103 in
1470 4039 1702 4121 malis).

444 4151 604 4221 Kap.
645 4153 707 4223 5,
745 4153 937 4208 9—16.
1016 4166 1062 4207 9.
1099 4152 1412 4223 Iism]1st
1445 4152 1566 4206 der
1600 4153 1735 4207 'sod
1772 4151 1884 4207 ein
1919 4142 2128 4207 libel:

518 4250 568 4319 a)
605 4250 719 4303 fiir
753 4249 859 4304 die
886 4250 1088 4305 Toten
1125 4251 1179 4320 1)
1216 4267 1402 4305 wenn
1437 4266 1581 4304 man
1607 4250 1794 4304 nicht
1820 4267 1898 4306 an
1926 4250 2073 4305 eine
2101 4250 2465 4305 Fortdauer
2489 4248 2761 4318 glaubt?

602 4338 796 4393 Nein.
870 4340 926 4408 2)
961 4339 1176 4393 Wenn
1213 4355 1361 4394 man
1399 4355 1479 4393 an
1516 4338 1671 4393 eine
1707 4339 2095 4393 Fortdauer
2129 4337 2371 4408 glaubt
2406 4339 2470 4408 (3.
2507 4339 2539 4407 §
2574 4336 2708 4406 affl?
