3221 4850
285 807 304 986 ⁵>

276 991 288 1044 Ι

259 1049 279 1216 l

388 1773 476 1835 42

486 323 559 384 96
1282 324 1700 379 Tusculanarum
1734 324 2149 394 disputationum

489 488 689 569 regis,
750 487 861 569 qui
906 488 1217 552 maximas
1263 487 1477 571 copias
1527 486 1709 551 duxit
1754 487 1834 551 ad
1880 487 2164 564 Troiam,
2224 490 2291 552 et
2334 488 2508 553 Ulixi
2558 487 2955 571 Sisyphique

489 594 924 678 prudentiam,
981 613 1100 659 nec
1159 595 1236 659 ob
1296 613 1441 659 eam
1500 613 1668 671 rem,
1727 614 1873 659 cum
1932 595 2091 659 haec
2138 594 2566 676 exquirerem,
2627 595 2794 659 sicut
2842 594 2957 659 hic

491 701 804 766 faciebam
823 749 838 779 ,
898 701 1104 784 capite
1152 701 1506 765 damnarer.
1596 700 1696 765 Ne
1742 720 1853 765 vos
1902 701 2157 783 quidem
2175 750 2190 778 ,
2248 701 2488 766 iudices
2546 701 2623 779 ii,
2684 700 2793 783 qui
2840 720 2957 766 me

410 828 470 870 09
494 808 882 886 absolvistiS,
950 810 1222 872 mortem
1289 807 1657 871 timueritis.
1760 806 1896 872 Nec
1965 808 2134 872 enim
2193 807 2495 890 cuiquam
2562 809 2724 872 bono
2786 807 2954 871 mali

494 916 838 998 quicquam
885 915 1135 979 evenire
1175 916 1405 998 potest,
1452 933 1571 978 nec
1616 914 1758 978 vivo
1802 933 1920 979 nec
1964 918 2234 992 mortuo,
2279 934 2398 979 nec
2442 933 2756 997 umquam
2802 916 2950 981 eius

492 1041 595 1086 res
636 1041 675 1086 a
706 1022 803 1087 dis
848 1021 1316 1086 immortalibus
1359 1021 1799 1103 neglegentur,
1844 1040 1963 1086 nec
2007 1021 2166 1085 mihi
2209 1023 2332 1104 ipsi
2376 1022 2498 1087 hoc
2546 1021 2775 1086 accidit
2819 1021 2987 1086 for-·

493 1128 674 1192 tuito.
765 1128 901 1193 Nec
959 1147 1106 1193 vero
1168 1147 1282 1209 ego
1339 1129 1449 1205 118,
1509 1147 1548 1192 a
1595 1129 1826 1210 quibus
1875 1132 2213 1193 accusatus
2274 1130 2389 1192 aut
2435 1147 2474 1193 a
2520 1129 2753 1211 quibus
2798 1147 2956 1192 con.-

495 1234 833 1300 demnatus
894 1254 1070 1313 sum,
1129 1235 1330 1301 habeo
1379 1236 1549 1318 quod
1610 1254 2047 1312 suscenseam,
2105 1237 2231 1300 nisi
2277 1236 2444 1318 quod
2505 1236 2665 1299 mihi
2718 1254 2953 1301 nocere

494 1360 561 1406 se
609 1342 1068 1407 crediderunt.“
1159 1343 1245 1406 Et
1288 1343 1447 1407 haec
1496 1342 1753 1424 quidem
1799 1343 1919 1407 hoc
1963 1342 2181 1418 m0d03
2241 1343 2402 1406 nihil
2448 1344 2667 1407 autem
2711 1343 2952 1406 melius

496 1450 805 1513 extremo:
855 1449 1028 1526 „Sed
1059 1453 1314 1532 tempus
1347 1452 1507 1526 est“,
1547 1450 1777 1531 inquit,
1821 1450 1993 1526 „iam
2024 1451 2173 1514 hinc
2205 1449 2394 1526 abire,
2423 1468 2544 1526 me,
2587 1453 2664 1514 ut
2694 1449 2955 1528 moriar,

497 1574 638 1634 vos,
698 1558 775 1619 ut
832 1557 1032 1621 vitam
1094 1556 1317 1639 agatis.
1409 1556 1651 1622 Utrum
1707 1558 1926 1621 autem
1986 1557 2071 1620 sit
2116 1557 2395 1634 meliuS,
2438 1556 2505 1620 di
2548 1556 2952 1620 immortales

499 1663 725 1738 sciunt,
771 1663 1094 1729 hominem
1142 1664 1399 1746 quidem
1447 1664 1607 1728 scire
1657 1665 1928 1728 arbitror
1972 1664 2346 1728 neminem.“

675 1769 772 1834 Ne
834 1789 949 1851 ego
1005 1770 1181 1834 haud
1241 1772 1429 1854 paulo
1484 1772 1658 1835 hunc
1703 1771 1988 1834 animum
2034 1772 2256 1835 malim
2303 1789 2497 1852 quam
2545 1788 2766 1834 eorum
2810 1788 2953 1833 om-

496 1877 675 1940 nium
722 1876 1031 1953 fortunas
1078 1877 1188 1959 qui
1236 1877 1311 1942 de
1357 1879 1484 1942 hoc
1523 1877 1983 1941 iudicaverunt.
2074 1877 2232 1955 Etsi,
2281 1877 2448 1958 quod
2493 1878 2750 1960 praeter
2796 1876 2953 1941 deos

499 1986 692 2065 negat
736 1984 895 2048 scire
944 2002 1349 2066 quemquam,
1394 1984 1458 2048 id
1506 1985 1627 2049 scit
1670 1985 1825 2067 ipse,
1871 1986 2094 2048 utrum
2141 1984 2225 2047 sit
2268 1985 2540 2058 melius;
2588 2002 2742 2047 nam
2786 1982 2954 2047 dixit

381 2109 477 2153 100
500 2092 682 2165 ante3
730 2089 842 2155 sed
889 2110 1080 2155 suum
1125 2092 1305 2169 illud,
1349 2092 1511 2155 nihil
1554 2093 1631 2155 ut
1677 2091 1985 2167 adfirmet,
2032 2094 2211 2155 tenet
2242 2090 2323 2155 ad
2355 2093 2730 2155 extremum.
2810 2089 2948 2154 Nos

501 2200 717 2261 autem
785 2199 1152 2275 teneamuS,
1220 2202 1296 2263 ut
1352 2199 1512 2262 nihil
1572 2217 1946 2263 censeamus
2002 2217 2139 2263 esse
2195 2198 2472 2274 malum,
2543 2197 2711 2279 quod
2766 2196 2852 2260 sit
2917 2215 2958 2260 a

498 2306 733 2368 natura
779 2304 1003 2368 datum
1050 2305 1360 2382 omnibuS,
1405 2306 2000 2387 intellegamusque,
2048 2306 2103 2369 si
2147 2324 2317 2369 mors
2363 2305 2608 2369 malum
2655 2305 2754 2381 sit,
2812 2321 2956 2367 8888

500 2520 652 2573 ἔστιν
683 2523 798 2572 καὶ
827 2524 929 2581 τίς
957 2523 1188 2572 οἴεται
1209 2523 1366 2591 μέν,
1397 2520 1598 2573 ἔστιν
1626 2515 1683 2573 δ’
1721 2523 1811 2572 οὔ.
1859 2516 1988 2573 Ἐπὶ
2016 2521 2175 2588 πόσῳ
2203 2515 2263 2573 δ’
2301 2523 2370 2571 ἄν
2389 2539 2485 2582 τις,
2512 2517 2768 2587 ὦίίνδρες
2796 2518 2958 2572 δικα-

503 2613 645 2672 σταί,
676 2608 901 2670 δέξαιτο
928 2611 1026 2661 τὸν
1052 2611 1146 2663 ἐπὶ
1173 2613 1378 2680 Τροίαν
1406 2610 1693 2678 ἀγαγόντα
1719 2610 1816 2674 τὴν
1844 2610 2050 2674 πολλὴν
2079 2610 2345 2681 στρατιὰν
2371 2611 2402 2674 ἢ
2422 2604 2703 2663 Ὀδυσσέα
2732 2610 2764 2673 ἦ
2786 2611 2962 2660 Σίσυ-

503 2698 656 2768 φον“
690 2701 800 2750 κτλ.
831 2725 895 2734 -
927 2695 1140 2749 summi
1160 2696 1327 2765 rcyis]
1355 2699 1740 2764 Agamemnon,
1765 2696 1870 2765 vgl.
1901 2713 1969 2750 zu
1997 2696 2030 2764 ξς
2058 2698 2144 2751 90.
2174 2726 2242 2735 -
2273 2694 2525 2764 Sisyphi]
2555 2693 2813 2763 Sisyphus
2840 2693 2968 2762 (der

501 2782 674 2837 Name
710 2783 782 2836 ist
817 2799 940 2837 vom
976 2783 1256 2838 dorischen
1295 2787 1473 2857 συφὸς
1511 2810 1574 2829 ---
1616 2789 1793 2857 σοφός
1827 2785 1927 2838 11111
1961 2783 2370 2853 Reduplikation
2416 2782 2667 2852 gebildet)
2716 2781 2969 2835 zeichnet

501 2872 615 2926 sich
643 2873 782 2926 nach
805 2873 904 2927 der
929 2872 1063 2942 Sage
1101 2888 1197 2927 aus
1231 2874 1402 2927 durch
1428 2873 1739 2928 Schlauheit
1772 2876 1883 2928 und
1909 2873 2444 2943 gbtterverachtende
2464 2870 2966 2939 Verschlagenheit,

501 2961 636 3030 ng:
668 2963 865 3030 „vafer
891 3004 902 3016 .
926 2955 938 3016 .
964 3004 975 3016 .
1004 2962 1325 3031 Sisyphus“,
1350 2964 1481 3018 Hor.
1510 2965 1608 3018 sat.
1637 2964 1710 3031 11,
1738 2966 1789 3030 3,
1819 2966 1905 3019 21.
1936 2995 2004 3003 ——
2032 2964 2116 3017 Ne
2141 2981 2231 3016 vos
2259 2963 2476 3031 quidem
2507 3002 2518 3014 .
2542 3002 2553 3014 .
2577 2962 2611 3030 .]
2643 2958 2839 3025 ,,Ἀλλὰ
2867 2954 2971 3014 καὶ

506 3055 650 3124 ὑμᾶς
677 3055 803 3124 χρή,
842 3052 884 3106 ὦ
922 3054 1118 3123 ἄνδρες
1154 3054 1428 3118 δικασταί,
1467 3055 1761 3115 εὐέλπιδας
1796 3054 1939 3109 εἶναι
1975 3056 2112 3123 πρὸς
2140 3057 2236 3107 τὸν
2261 3055 2574 3116 θάνατον’,
2611 3048 2765 3118 Apol.
2796 3065 2841 3101 o.
2871 3051 2965 3103 33.

652 3152 733 3194 99.
757 3140 878 3193 cius
906 3158 992 3194 res
1014 3180 1025 3192 .
1049 3181 1061 3193 .
1086 3141 1488 3210 ‚myleyantufl
1510 3143 1668 3213 (ἀνὴρ
1687 3143 1922 3212 ἀγαθὸς)
1942 3146 2238 3215 ἀμελεῖται.
2263 3171 2327 3180 -
2355 3140 2602 3209 fortuito]
2624 3154 2773 3207 „von
2791 3154 2968 3204 unge-

505 3228 669 3281 fahr“
685 3270 699 3297 ,
738 3228 876 3283 ohne
894 3229 1097 3282 Willen
1117 3230 1215 3282 der
1234 3230 1432 3283 Gotter.
1470 3261 1538 3270 —
1576 3230 1774 3284 melius
1800 3232 2050 3300 coetremo]
2090 3230 2317 3299 „besser
2343 3229 2420 3283 als
2447 3229 2545 3282 der
2565 3226 2822 3282 Schluss“
2852 3227 2969 3292 (εω-

505 3320 775 3385 trcmwm).
797 3347 866 3356 -—
888 3322 1096 3386 tempus
1114 3319 1210 3387 est]
1230 3362 1261 3386 „
1275 3320 1387 3392 ὥρα
1416 3323 1628 3387 ἐστίν“,
1651 3335 1753 3387 „es
1772 3320 1844 3373 ist
1869 3337 1937 3373 an
1957 3321 2054 3374 der
2071 3321 2247 3386 Zeit“,
2269 3318 2367 3371 mit
2382 3317 2644 3372 Infinitiv.
2665 3347 2733 3355 —
2766 3314 2970 3369 Utrum

506 3405 784 3460 neminem
798 3446 809 3458 .
829 3447 840 3458 .
859 3407 894 3475 .]
921 3403 1211 3482 Ὁπότεροι
1238 3410 1303 3464 δὲ
1322 3413 1478 3482 ἡμῶν
1495 3411 1752 3481 ἔρχονται
1771 3413 1865 3465 ἐπὶ
1886 3415 2116 3483 ἄμεινον
2134 3421 2387 3482 πρᾶγμα,
2409 3408 2615 3476 ἄδηλον
2634 3410 2802 3460 παντὶ
2823 3407 2975 3471 πλὴν

510 3500 542 3563 ἢ
560 3499 635 3565 τῷ
654 3500 793 3565 θεῷς
821 3497 960 3548 trotz
979 3496 1075 3549 der
1098 3496 1368 3566 sonstigen
1396 3497 1637 3551 Freiheit
1659 3498 1835 3552 wahrt
1856 3498 1942 3552 die
1960 3490 2337 3566 Ubersetzung
2371 3497 2476 3551 den
2496 3492 2972 3550 Schlul'skretilms.

653 3637 810 3706 Καρ.
849 3637 955 3696 42.
1031 3638 1120 3694 ΝΞ
1158 3640 1270 3708 eqo]
1318 3639 1672 3708 „Wahrlich,
1710 3640 1824 3709 ich,
1862 3639 1950 3695 ich
1985 3639 2196 3694 11ιὸ81118
2210 3643 2267 3707 “,
2305 3639 2443 3692 dazu
2480 3637 2803 3706 Gegensatz:
2841 3633 2981 3690 Etsi

510 3766 525 3778 .
549 3766 560 3777 .
584 3766 595 3778 .
633 3727 740 3779 scit
764 3726 882 3795 ipse
910 3726 1104 3795 „indes
1130 3728 1283 3783 weiss
1311 3745 1372 3782 er
1398 3729 1623 3783 881118111.
1653 3760 1721 3768 ——
1746 3730 2145 3798 iudicaverunt]
2176 3746 2286 3796 „zu
2315 3727 2532 3782 Gericht
2554 3727 2866 3795 gesessen“.
2901 3755 2976 3765 —

508 3830 676 3867 suum
711 3814 854 3869 illud
889 3856 901 3868 .
925 3856 937 3868 .
961 3857 973 3869 .
1012 3818 1166 3886 tenet]
1218 3817 1374 3886 „halt
1423 3834 1491 3872 an
1541 3818 1719 3872 seiner
1753 3818 2005 3887 Eigenart
2049 3818 2229 3885 fest“;
2279 3818 2443 3870 daran
2489 3814 2731 3869 8811118181
2775 3814 2978 3868 1101188-

512 3901 662 3956 kutiv
696 3902 849 3957 nihil
879 3910 941 3957 ut
975 3905 1254 3974 adfirmet,
1302 3907 1472 3961 wobei
1517 3924 1585 3960 zu
1637 3911 1898 3977 erganzen
1946 3910 2238 3975 „vermbge
2287 3906 2454 3960 deren
2505 3921 2566 3959 81·
2612 3920 2670 3958 80
2720 3894 2980 3972 geeigen-

510 3991 745 4046 schaftet
780 3992 848 4045 ist
886 3993 989 4060 (ita
1014 3993 1321 4065 institutus)
1336 3999 1397 4065 “3
1435 3996 1675 4051 hernach
1699 4000 2017 4063 „teneamus
2041 4000 2145 4049 ut“
2183 4011 2295 4063 „an
2319 3996 2416 4048 der
2442 3994 2750 4061 Forderung
2779 3989 2983 4046 wollen

516 4080 613 4133 wir
647 4080 996 4137 festhalten“.
1036 4115 1105 4124 -—
1159 4085 1343 4141 Cicero
1381 4085 1534 4140 leitet
1580 4086 1722 4140 oster
1769 4101 1865 4139 aus
1901 4086 2023 4138 dem
2059 4083 2431 4139 Sokratischen
2467 4082 2615 4138 Satz:
2656 4122 2687 4149 „
2701 4081 2776 4135 Er
2811 4079 2981 4135 wisse

514 4168 731 4224 nichts“
770 4171 857 4225 die
894 4172 1262 4229 akademische
1299 4178 1475 4248 ἐποχή
1511 4177 1575 4245 (8.
1614 4174 1919 4244 Einleitung
1955 4174 2007 4229 S.
2049 4176 2101 4243 7)
2139 4175 2218 4228 ab.

669 4274 780 4316 100.
819 4278 857 4314 a
882 4267 1090 4316 natura
1113 4264 1324 4333 datum]
1349 4264 1473 4318 dem
1492 4264 1657 4319 Sinne
1675 4264 1812 4318 nach
1835 4289 1898 4307 =
1921 4280 2026 4318 von
2044 4263 2167 4317 dem
2186 4261 2458 4316 allweisen
2478 4261 2630 4328 Gott3
2661 4261 2718 4313 in
2742 4261 2839 4314 der
2866 4262 2937 4314 18
2956 4292 2984 4302 -

517 4343 1004 4416 leologischen
1039 4350 1503 4422 Weltauffassung
1538 4352 1674 4422 folgt
1713 4352 1898 4408 Cicero
1934 4353 2041 4406 den
2068 4351 2328 4406 Stoikern.
2368 4382 2436 4390 —
2472 4351 2984 4422 mtdkywcmqm]
