<?xml version="1.0" encoding="UTF-8"?>
<!DOCTYPE html PUBLIC "-//W3C//DTD XHTML 1.0 Transitional//EN"
    "http://www.w3.org/TR/xhtml1/DTD/xhtml1-transitional.dtd">
<html xmlns="http://www.w3.org/1999/xhtml" xml:lang="en" lang="en">
 <head>
  <title>
</title>
<meta http-equiv="Content-Type" content="text/html;charset=utf-8" />
  <meta name='ocr-system' content='tesseract 3.04.00' />
  <meta name='ocr-capabilities' content='ocr_page ocr_carea ocr_par ocr_line ocrx_word'/>
</head>
<body>
  <div class='ocr_page' id='page_1' title='image "./mtulliiciceroni132cicegoog_0165.png"; bbox 0 0 3221 4850; ppageno 0'>
   <div class='ocr_carea' id='block_1_1' title="bbox 1241 301 2759 374">
    <p class='ocr_par' dir='ltr' id='par_1_1' title="bbox 1241 301 2759 374">
     <span class='ocr_line' id='line_1_1' title="bbox 1241 301 2759 374; baseline 0.001 -14"><span class='ocrx_word' id='word_1_1' title='bbox 1241 307 1355 360; x_wconf 88' lang='lat' dir='ltr'>Lib.</span> <span class='ocrx_word' id='word_1_2' title='bbox 1393 307 1466 374; x_wconf 81' lang='grc' dir='ltr'>Π,</span> <span class='ocrx_word' id='word_1_3' title='bbox 1504 322 1546 360; x_wconf 77' lang='grc' dir='ltr'>ο.</span> <span class='ocrx_word' id='word_1_4' title='bbox 1586 306 1814 361; x_wconf 81' lang='lat'>24-25.</span> <span class='ocrx_word' id='word_1_5' title='bbox 2658 301 2759 363; x_wconf 77' lang='lat'>159</span> 
     </span>
    </p>
   </div>
   <div class='ocr_carea' id='block_1_2' title="bbox 294 466 2760 1193">
    <p class='ocr_par' dir='ltr' id='par_1_2' title="bbox 294 466 2760 1193">
     <span class='ocr_line' id='line_1_2' title="bbox 294 466 2759 551; baseline -0.002 -16"><span class='ocrx_word' id='word_1_6' title='bbox 294 490 453 535; x_wconf 87' lang='lat' dir='ltr'>nam</span> <span class='ocrx_word' id='word_1_7' title='bbox 499 471 660 535; x_wconf 86' lang='lat' dir='ltr'>ratio</span> <span class='ocrx_word' id='word_1_8' title='bbox 710 490 856 535; x_wconf 89' lang='lat' dir='ltr'>eum</span> <span class='ocrx_word' id='word_1_9' title='bbox 904 469 980 533; x_wconf 90' lang='lat' dir='ltr'>de</span> <span class='ocrx_word' id='word_1_10' title='bbox 1029 468 1349 533; x_wconf 86' lang='lat' dir='ltr'>sententia</span> <span class='ocrx_word' id='word_1_11' title='bbox 1396 468 1791 545; x_wconf 86' lang='lat' dir='ltr'>deduxisset,</span> <span class='ocrx_word' id='word_1_12' title='bbox 1837 467 2198 551; x_wconf 77' lang='lat' dir='ltr'>respondit:</span> <span class='ocrx_word' id='word_1_13' title='bbox 2248 466 2527 546; x_wconf 84' lang='lat' dir='ltr'>‚‚Quia,</span> <span class='ocrx_word' id='word_1_14' title='bbox 2586 487 2759 532; x_wconf 91' lang='lat' dir='ltr'>cum</span> 
     </span>
     <span class='ocr_line' id='line_1_3' title="bbox 297 574 2758 660; baseline -0.001 -19"><span class='ocrx_word' id='word_1_15' title='bbox 297 580 622 642; x_wconf 87' lang='lat' dir='ltr'>tantum</span> <span class='ocrx_word' id='word_1_16' title='bbox 670 595 956 660; x_wconf 80' lang='lat' dir='ltr'>operae</span> <span class='ocrx_word' id='word_1_17' title='bbox 1003 575 1578 659; x_wconf 81' lang='lat' dir='ltr'>philosophiae</span> <span class='ocrx_word' id='word_1_18' title='bbox 1613 574 2054 650; x_wconf 78' lang='lat' dir='ltr'>dedissem,</span> <span class='ocrx_word' id='word_1_19' title='bbox 2102 574 2460 638; x_wconf 90' lang='lat' dir='ltr'>dolorem</span> <span class='ocrx_word' id='word_1_20' title='bbox 2494 576 2758 638; x_wconf 87' lang='lat' dir='ltr'>tamen</span> 
     </span>
     <span class='ocr_line' id='line_1_4' title="bbox 298 680 2758 766; baseline -0.002 -17"><span class='ocrx_word' id='word_1_21' title='bbox 298 684 519 749; x_wconf 85' lang='lat' dir='ltr'>ferre</span> <span class='ocrx_word' id='word_1_22' title='bbox 591 686 657 749; x_wconf 87' lang='lat' dir='ltr'>si</span> <span class='ocrx_word' id='word_1_23' title='bbox 718 703 868 748; x_wconf 92' lang='lat' dir='ltr'>non</span> <span class='ocrx_word' id='word_1_24' title='bbox 936 702 1286 766; x_wconf 88' lang='lat' dir='ltr'>possem,</span> <span class='ocrx_word' id='word_1_25' title='bbox 1356 682 1562 746; x_wconf 88' lang='lat' dir='ltr'>satis</span> <span class='ocrx_word' id='word_1_26' title='bbox 1629 683 1857 745; x_wconf 89' lang='lat' dir='ltr'>esset</span> <span class='ocrx_word' id='word_1_27' title='bbox 1928 680 2396 763; x_wconf 85' lang='lat' dir='ltr'>argumenti</span> <span class='ocrx_word' id='word_1_28' title='bbox 2460 681 2758 744; x_wconf 89' lang='lat' dir='ltr'>malum</span> 
     </span>
     <span class='ocr_line' id='line_1_5' title="bbox 300 786 2760 870; baseline -0.002 -16"><span class='ocrx_word' id='word_1_29' title='bbox 300 810 478 855; x_wconf 88' lang='lat' dir='ltr'>esse</span> <span class='ocrx_word' id='word_1_30' title='bbox 528 791 896 855; x_wconf 91' lang='lat' dir='ltr'>dolorem.</span> <span class='ocrx_word' id='word_1_31' title='bbox 987 789 1402 854; x_wconf 87' lang='lat' dir='ltr'>Plurimos</span> <span class='ocrx_word' id='word_1_32' title='bbox 1465 789 1737 851; x_wconf 88' lang='lat' dir='ltr'>autem</span> <span class='ocrx_word' id='word_1_33' title='bbox 1798 805 2042 851; x_wconf 87' lang='lat' dir='ltr'>annos</span> <span class='ocrx_word' id='word_1_34' title='bbox 2101 787 2182 850; x_wconf 91' lang='lat' dir='ltr'>in</span> <span class='ocrx_word' id='word_1_35' title='bbox 2243 786 2760 870; x_wconf 82' lang='lat' dir='ltr'>philosophia</span> 
     </span>
     <span class='ocr_line' id='line_1_6' title="bbox 301 893 2758 981; baseline -0.002 -20"><span class='ocrx_word' id='word_1_36' title='bbox 301 898 777 981; x_wconf 77' lang='lat' dir='ltr'>consumpsi</span> <span class='ocrx_word' id='word_1_37' title='bbox 823 916 967 962; x_wconf 90' lang='lat' dir='ltr'>nec</span> <span class='ocrx_word' id='word_1_38' title='bbox 1015 896 1244 960; x_wconf 69' lang='lat' dir='ltr'>ferre,</span> <span class='ocrx_word' id='word_1_39' title='bbox 1279 913 1639 978; x_wconf 82' lang='lat' dir='ltr'>possum3</span> <span class='ocrx_word' id='word_1_40' title='bbox 1687 894 1983 957; x_wconf 91' lang='lat' dir='ltr'>malum</span> <span class='ocrx_word' id='word_1_41' title='bbox 2031 893 2758 976; x_wconf 86' lang='lat' dir='ltr'>estigiturdolor.“</span> 
     </span>
     <span class='ocr_line' id='line_1_7' title="bbox 300 1001 2760 1086; baseline -0.001 -19"><span class='ocrx_word' id='word_1_42' title='bbox 300 1005 465 1069; x_wconf 87' lang='lat' dir='ltr'>Tum</span> <span class='ocrx_word' id='word_1_43' title='bbox 513 1004 921 1082; x_wconf 77' lang='lat' dir='ltr'>Cleanthem,</span> <span class='ocrx_word' id='word_1_44' title='bbox 981 1023 1126 1069; x_wconf 90' lang='lat' dir='ltr'>cum</span> <span class='ocrx_word' id='word_1_45' title='bbox 1172 1003 1331 1086; x_wconf 86' lang='lat' dir='ltr'>pede</span> <span class='ocrx_word' id='word_1_46' title='bbox 1378 1004 1622 1066; x_wconf 89' lang='lat' dir='ltr'>terram</span> <span class='ocrx_word' id='word_1_47' title='bbox 1665 1001 2117 1083; x_wconf 78' lang='lat' dir='ltr'>percussisset,</span> <span class='ocrx_word' id='word_1_48' title='bbox 2174 1020 2432 1065; x_wconf 86' lang='lat' dir='ltr'>versum</span> <span class='ocrx_word' id='word_1_49' title='bbox 2493 1019 2566 1064; x_wconf 86' lang='lat' dir='ltr'>ex</span> <span class='ocrx_word' id='word_1_50' title='bbox 2611 1001 2760 1083; x_wconf 87' lang='lat' dir='ltr'>Epi-</span> 
     </span>
     <span class='ocr_line' id='line_1_8' title="bbox 303 1111 1057 1193; baseline -0.004 -17"><span class='ocrx_word' id='word_1_51' title='bbox 303 1113 483 1193; x_wconf 88' lang='lat' dir='ltr'>gonis</span> <span class='ocrx_word' id='word_1_52' title='bbox 531 1111 744 1176; x_wconf 87' lang='lat' dir='ltr'>ferunt</span> <span class='ocrx_word' id='word_1_53' title='bbox 791 1112 1057 1176; x_wconf 84' lang='lat' dir='ltr'>dixisse:</span> 
     </span>
    </p>
   </div>
   <div class='ocr_carea' id='block_1_3' title="bbox 519 1240 2603 1327">
    <p class='ocr_par' dir='ltr' id='par_1_3' title="bbox 519 1240 2603 1327">
     <span class='ocr_line' id='line_1_9' title="bbox 519 1240 2603 1327; baseline -0.002 -17"><span class='ocrx_word' id='word_1_54' title='bbox 519 1246 879 1310; x_wconf 83' lang='lat' dir='ltr'>Audisne</span> <span class='ocrx_word' id='word_1_55' title='bbox 925 1246 1157 1322; x_wconf 89' lang='lat' dir='ltr'>haec,</span> <span class='ocrx_word' id='word_1_56' title='bbox 1200 1242 1694 1327; x_wconf 71' lang='lat' dir='ltr'>Amphiarae</span> <span class='ocrx_word' id='word_1_57' title='bbox 1742 1243 1886 1307; x_wconf 86' lang='lat' dir='ltr'>sub</span> <span class='ocrx_word' id='word_1_58' title='bbox 1933 1244 2238 1306; x_wconf 88' lang='lat' dir='ltr'>terram</span> <span class='ocrx_word' id='word_1_59' title='bbox 2287 1240 2603 1306; x_wconf 77' lang='lat' dir='ltr'>abdite?</span> 
     </span>
    </p>
   </div>
   <div class='ocr_carea' id='block_1_4' title="bbox 276 1393 2842 2224">
    <p class='ocr_par' dir='ltr' id='par_1_4' title="bbox 276 1393 2842 2224">
     <span class='ocr_line' id='line_1_10' title="bbox 304 1393 2842 1477; baseline -0.001 -18"><span class='ocrx_word' id='word_1_60' title='bbox 304 1397 624 1460; x_wconf 89' lang='lat' dir='ltr'>Zenonem</span> <span class='ocrx_word' id='word_1_61' title='bbox 671 1396 1095 1477; x_wconf 87' lang='lat' dir='ltr'>significabat,</span> <span class='ocrx_word' id='word_1_62' title='bbox 1156 1414 1194 1458; x_wconf 93' lang='lat' dir='ltr'>a</span> <span class='ocrx_word' id='word_1_63' title='bbox 1257 1414 1380 1477; x_wconf 90' lang='lat' dir='ltr'>quo</span> <span class='ocrx_word' id='word_1_64' title='bbox 1441 1395 1626 1458; x_wconf 91' lang='lat' dir='ltr'>illum</span> <span class='ocrx_word' id='word_1_65' title='bbox 1686 1395 2066 1476; x_wconf 87' lang='lat' dir='ltr'>degenerare</span> <span class='ocrx_word' id='word_1_66' title='bbox 2131 1393 2398 1458; x_wconf 87' lang='lat' dir='ltr'>dolebat.</span> <span class='ocrx_word' id='word_1_67' title='bbox 2489 1396 2576 1457; x_wconf 86' lang='lat' dir='ltr'>At</span> <span class='ocrx_word' id='word_1_68' title='bbox 2634 1413 2760 1458; x_wconf 94' lang='lat' dir='ltr'>non</span> <span class='ocrx_word' id='word_1_69' title='bbox 2783 1416 2842 1457; x_wconf 74' lang='grc' dir='ltr'>ει</span> 
     </span>
     <span class='ocr_line' id='line_1_11' title="bbox 303 1500 2760 1584; baseline 0 -18"><span class='ocrx_word' id='word_1_70' title='bbox 303 1505 521 1567; x_wconf 89' lang='lat' dir='ltr'>noster</span> <span class='ocrx_word' id='word_1_71' title='bbox 566 1502 974 1577; x_wconf 90' lang='lat' dir='ltr'>Posidonius;</span> <span class='ocrx_word' id='word_1_72' title='bbox 1040 1521 1229 1583; x_wconf 89' lang='lat' dir='ltr'>quem</span> <span class='ocrx_word' id='word_1_73' title='bbox 1287 1505 1353 1566; x_wconf 88' lang='lat' dir='ltr'>et</span> <span class='ocrx_word' id='word_1_74' title='bbox 1416 1502 1552 1584; x_wconf 90' lang='lat' dir='ltr'>ipse</span> <span class='ocrx_word' id='word_1_75' title='bbox 1614 1520 1801 1583; x_wconf 87' lang='lat' dir='ltr'>saepe</span> <span class='ocrx_word' id='word_1_76' title='bbox 1860 1500 1990 1565; x_wconf 86' lang='lat' dir='ltr'>vidi</span> <span class='ocrx_word' id='word_1_77' title='bbox 2048 1503 2114 1564; x_wconf 91' lang='lat' dir='ltr'>et</span> <span class='ocrx_word' id='word_1_78' title='bbox 2170 1500 2235 1563; x_wconf 90' lang='lat' dir='ltr'>id</span> <span class='ocrx_word' id='word_1_79' title='bbox 2297 1502 2530 1580; x_wconf 89' lang='lat' dir='ltr'>dicam,</span> <span class='ocrx_word' id='word_1_80' title='bbox 2594 1502 2760 1582; x_wconf 87' lang='lat' dir='ltr'>quod</span> 
     </span>
     <span class='ocr_line' id='line_1_12' title="bbox 306 1608 2761 1691; baseline 0 -19"><span class='ocrx_word' id='word_1_81' title='bbox 306 1609 548 1673; x_wconf 87' lang='lat' dir='ltr'>solebat</span> <span class='ocrx_word' id='word_1_82' title='bbox 591 1627 849 1673; x_wconf 87' lang='lat' dir='ltr'>narrare</span> <span class='ocrx_word' id='word_1_83' title='bbox 896 1608 1266 1691; x_wconf 80' lang='lat' dir='ltr'>PompeiuS,</span> <span class='ocrx_word' id='word_1_84' title='bbox 1315 1626 1413 1685; x_wconf 92' lang='lat' dir='ltr'>se,</span> <span class='ocrx_word' id='word_1_85' title='bbox 1461 1627 1607 1672; x_wconf 93' lang='lat' dir='ltr'>cum</span> <span class='ocrx_word' id='word_1_86' title='bbox 1655 1608 1955 1672; x_wconf 87' lang='lat' dir='ltr'>Rhodum</span> <span class='ocrx_word' id='word_1_87' title='bbox 2000 1609 2283 1672; x_wconf 85' lang='lat' dir='ltr'>venisset</span> <span class='ocrx_word' id='word_1_88' title='bbox 2330 1608 2638 1673; x_wconf 78' lang='lat' dir='ltr'>decedens</span> <span class='ocrx_word' id='word_1_89' title='bbox 2688 1629 2761 1674; x_wconf 86' lang='lat' dir='ltr'>ex</span> 
     </span>
     <span class='ocr_line' id='line_1_13' title="bbox 306 1714 2762 1797; baseline 0.001 -18"><span class='ocrx_word' id='word_1_90' title='bbox 306 1714 507 1797; x_wconf 83' lang='lat' dir='ltr'>Syria,</span> <span class='ocrx_word' id='word_1_91' title='bbox 556 1715 771 1779; x_wconf 88' lang='lat' dir='ltr'>audire</span> <span class='ocrx_word' id='word_1_92' title='bbox 820 1715 1094 1779; x_wconf 86' lang='lat' dir='ltr'>voluisse</span> <span class='ocrx_word' id='word_1_93' title='bbox 1126 1715 1569 1794; x_wconf 82' lang='lat' dir='ltr'>Posidonium3</span> <span class='ocrx_word' id='word_1_94' title='bbox 1619 1714 1729 1778; x_wconf 88' lang='lat' dir='ltr'>sed</span> <span class='ocrx_word' id='word_1_95' title='bbox 1777 1734 1925 1778; x_wconf 92' lang='lat' dir='ltr'>cum</span> <span class='ocrx_word' id='word_1_96' title='bbox 1972 1715 2257 1778; x_wconf 89' lang='lat' dir='ltr'>audisset</span> <span class='ocrx_word' id='word_1_97' title='bbox 2303 1734 2450 1779; x_wconf 91' lang='lat' dir='ltr'>eum</span> <span class='ocrx_word' id='word_1_98' title='bbox 2484 1718 2762 1797; x_wconf 87' lang='lat' dir='ltr'>graviter</span> 
     </span>
     <span class='ocr_line' id='line_1_14' title="bbox 276 1821 2757 1904; baseline 0.002 -19"><span class='ocrx_word' id='word_1_99' title='bbox 276 1828 441 1886; x_wconf 83' lang='lat' dir='ltr'>‘esse</span> <span class='ocrx_word' id='word_1_100' title='bbox 506 1841 799 1903; x_wconf 88' lang='lat' dir='ltr'>aegrum,</span> <span class='ocrx_word' id='word_1_101' title='bbox 870 1822 1033 1904; x_wconf 88' lang='lat' dir='ltr'>quod</span> <span class='ocrx_word' id='word_1_102' title='bbox 1097 1822 1509 1886; x_wconf 86' lang='lat' dir='ltr'>vehementer</span> <span class='ocrx_word' id='word_1_103' title='bbox 1571 1822 1708 1885; x_wconf 89' lang='lat' dir='ltr'>eius</span> <span class='ocrx_word' id='word_1_104' title='bbox 1770 1824 1948 1884; x_wconf 88' lang='lat' dir='ltr'>artus</span> <span class='ocrx_word' id='word_1_105' title='bbox 2018 1821 2412 1900; x_wconf 88' lang='lat' dir='ltr'>laborarent,</span> <span class='ocrx_word' id='word_1_106' title='bbox 2480 1824 2757 1889; x_wconf 86' lang='lat' dir='ltr'>voluisse</span> 
     </span>
     <span class='ocr_line' id='line_1_15' title="bbox 302 1929 2760 2011; baseline 0.001 -19"><span class='ocrx_word' id='word_1_107' title='bbox 302 1932 519 1993; x_wconf 90' lang='lat' dir='ltr'>tamen</span> <span class='ocrx_word' id='word_1_108' title='bbox 588 1929 1055 1994; x_wconf 86' lang='lat' dir='ltr'>nobilissimum</span> <span class='ocrx_word' id='word_1_109' title='bbox 1124 1929 1570 2011; x_wconf 90' lang='lat' dir='ltr'>philosophum</span> <span class='ocrx_word' id='word_1_110' title='bbox 1639 1929 1878 2002; x_wconf 83' lang='lat' dir='ltr'>visere3</span> <span class='ocrx_word' id='word_1_111' title='bbox 1958 1946 2148 2009; x_wconf 88' lang='lat' dir='ltr'>quem</span> <span class='ocrx_word' id='word_1_112' title='bbox 2219 1931 2293 1992; x_wconf 93' lang='lat' dir='ltr'>ut</span> <span class='ocrx_word' id='word_1_113' title='bbox 2360 1930 2627 1994; x_wconf 84' lang='lat' dir='ltr'>vidisset</span> <span class='ocrx_word' id='word_1_114' title='bbox 2695 1934 2760 1995; x_wconf 92' lang='lat' dir='ltr'>et</span> 
     </span>
     <span class='ocr_line' id='line_1_16' title="bbox 304 2036 2759 2119; baseline 0.002 -21"><span class='ocrx_word' id='word_1_115' title='bbox 304 2036 713 2100; x_wconf 85' lang='lat' dir='ltr'>salutavisset</span> <span class='ocrx_word' id='word_1_116' title='bbox 756 2036 1243 2117; x_wconf 87' lang='lat' dir='ltr'>honorificisque</span> <span class='ocrx_word' id='word_1_117' title='bbox 1303 2036 1513 2099; x_wconf 86' lang='lat' dir='ltr'>verbis</span> <span class='ocrx_word' id='word_1_118' title='bbox 1568 2037 1946 2117; x_wconf 89' lang='lat' dir='ltr'>prosecutus</span> <span class='ocrx_word' id='word_1_119' title='bbox 2007 2037 2177 2099; x_wconf 88' lang='lat' dir='ltr'>esset</span> <span class='ocrx_word' id='word_1_120' title='bbox 2233 2037 2629 2119; x_wconf 87' lang='lat' dir='ltr'>molesteque</span> <span class='ocrx_word' id='word_1_121' title='bbox 2692 2056 2759 2103; x_wconf 88' lang='lat' dir='ltr'>se</span> 
     </span>
     <span class='ocr_line' id='line_1_17' title="bbox 304 2141 2760 2224; baseline 0.002 -19"><span class='ocrx_word' id='word_1_122' title='bbox 304 2142 566 2205; x_wconf 82' lang='lat' dir='ltr'>dixisset</span> <span class='ocrx_word' id='word_1_123' title='bbox 612 2141 807 2220; x_wconf 85' lang='lat' dir='ltr'>ferre,</span> <span class='ocrx_word' id='word_1_124' title='bbox 855 2143 1021 2224; x_wconf 88' lang='lat' dir='ltr'>quod</span> <span class='ocrx_word' id='word_1_125' title='bbox 1070 2161 1217 2206; x_wconf 92' lang='lat' dir='ltr'>eum</span> <span class='ocrx_word' id='word_1_126' title='bbox 1263 2161 1391 2206; x_wconf 94' lang='lat' dir='ltr'>non</span> <span class='ocrx_word' id='word_1_127' title='bbox 1436 2144 1658 2224; x_wconf 89' lang='lat' dir='ltr'>posset</span> <span class='ocrx_word' id='word_1_128' title='bbox 1705 2142 1949 2218; x_wconf 88' lang='lat' dir='ltr'>audire,</span> <span class='ocrx_word' id='word_1_129' title='bbox 1997 2143 2065 2204; x_wconf 89' lang='lat' dir='ltr'>at</span> <span class='ocrx_word' id='word_1_130' title='bbox 2108 2142 2249 2206; x_wconf 89' lang='lat' dir='ltr'>ille:</span> <span class='ocrx_word' id='word_1_131' title='bbox 2310 2144 2463 2220; x_wconf 88' lang='lat' dir='ltr'>„Tu</span> <span class='ocrx_word' id='word_1_132' title='bbox 2510 2151 2760 2223; x_wconf 83' lang='lat' dir='ltr'>vero“,</span> 
     </span>
    </p>
   </div>
   <div class='ocr_carea' id='block_1_5' title="bbox 303 2286 732 2294">
    <p class='ocr_par' dir='ltr' id='par_1_5' title="bbox 303 2286 732 2294">
     <span class='ocr_line' id='line_1_18' title="bbox 303 2286 732 2294; baseline 0 2556"><span class='ocrx_word' id='word_1_133' title='bbox 303 2286 732 2294; x_wconf 95' lang='lat' dir='ltr'> </span> 
     </span>
    </p>
   </div>
   <div class='ocr_carea' id='block_1_6' title="bbox 301 2370 2761 4402">
    <p class='ocr_par' dir='ltr' id='par_1_6' title="bbox 301 2370 2761 3509">
     <span class='ocr_line' id='line_1_19' title="bbox 301 2370 2760 2442; baseline 0.002 -18"><span class='ocrx_word' id='word_1_134' title='bbox 301 2372 540 2440; x_wconf 77' lang='lat' dir='ltr'>giemus).</span> <span class='ocrx_word' id='word_1_135' title='bbox 580 2401 647 2410; x_wconf 93' lang='lat'><strong>—</strong></span> <span class='ocrx_word' id='word_1_136' title='bbox 690 2371 839 2442; x_wconf 75' lang='lat' dir='ltr'>Quia</span> <span class='ocrx_word' id='word_1_137' title='bbox 875 2389 997 2428; x_wconf 77' lang='lat' dir='ltr'>cum</span> <span class='ocrx_word' id='word_1_138' title='bbox 1129 2373 1391 2427; x_wconf 81' lang='lat' dir='ltr'>dedissem</span> <span class='ocrx_word' id='word_1_139' title='bbox 1420 2413 1432 2425; x_wconf 93' lang='lat'>.</span> <span class='ocrx_word' id='word_1_140' title='bbox 1451 2411 1493 2425; x_wconf 91' lang='lat'>..</span> <span class='ocrx_word' id='word_1_141' title='bbox 1524 2371 1670 2438; x_wconf 82' lang='lat' dir='ltr'>ferre</span> <span class='ocrx_word' id='word_1_142' title='bbox 1704 2370 1754 2424; x_wconf 82' lang='lat' dir='ltr'>si</span> <span class='ocrx_word' id='word_1_143' title='bbox 1790 2388 1905 2425; x_wconf 77' lang='lat' dir='ltr'>‘non</span> <span class='ocrx_word' id='word_1_144' title='bbox 1936 2388 2145 2440; x_wconf 80' lang='lat' dir='ltr'>possem</span> <span class='ocrx_word' id='word_1_145' title='bbox 2278 2372 2435 2442; x_wconf 83' lang='lat' dir='ltr'>esset]</span> <span class='ocrx_word' id='word_1_146' title='bbox 2483 2373 2632 2428; x_wconf 89' lang='lat' dir='ltr'>Auch</span> <span class='ocrx_word' id='word_1_147' title='bbox 2670 2375 2760 2429; x_wconf 88' lang='lat' dir='ltr'>der</span> 
     </span>
     <span class='ocr_line' id='line_1_20' title="bbox 302 2460 2759 2531; baseline 0.001 -16"><span class='ocrx_word' id='word_1_148' title='bbox 302 2461 637 2529; x_wconf 81' lang='lat' dir='ltr'>missgliickte</span> <span class='ocrx_word' id='word_1_149' title='bbox 673 2462 1014 2531; x_wconf 73' lang='lat' dir='ltr'>syllogismus</span> <span class='ocrx_word' id='word_1_150' title='bbox 1062 2461 1493 2515; x_wconf 86' lang='lat' dir='ltr'>charakterisiert</span> <span class='ocrx_word' id='word_1_151' title='bbox 1544 2461 1645 2514; x_wconf 88' lang='lat' dir='ltr'>den</span> <span class='ocrx_word' id='word_1_152' title='bbox 1682 2460 1890 2514; x_wconf 88' lang='lat' dir='ltr'>Stoiker</span> <span class='ocrx_word' id='word_1_153' title='bbox 1925 2460 2087 2527; x_wconf 91' lang='lat' dir='ltr'>(„We</span> <span class='ocrx_word' id='word_1_154' title='bbox 2103 2478 2130 2513; x_wconf 93' lang='lat' dir='ltr'>r</span> <span class='ocrx_word' id='word_1_155' title='bbox 2179 2462 2391 2529; x_wconf 69' lang='lat' dir='ltr'>langere</span> <span class='ocrx_word' id='word_1_156' title='bbox 2428 2463 2544 2516; x_wconf 86' lang='lat' dir='ltr'>Zeit</span> <span class='ocrx_word' id='word_1_157' title='bbox 2594 2464 2759 2518; x_wconf 88' lang='lat' dir='ltr'>einem</span> 
     </span>
     <span class='ocr_line' id='line_1_21' title="bbox 302 2550 2756 2620; baseline 0.002 -18"><span class='ocrx_word' id='word_1_158' title='bbox 302 2550 758 2620; x_wconf 86' lang='lat' dir='ltr'>philosophischen</span> <span class='ocrx_word' id='word_1_159' title='bbox 797 2551 1005 2620; x_wconf 87' lang='lat' dir='ltr'>System</span> <span class='ocrx_word' id='word_1_160' title='bbox 1044 2551 1156 2604; x_wconf 88' lang='lat' dir='ltr'>sich</span> <span class='ocrx_word' id='word_1_161' title='bbox 1192 2551 1420 2616; x_wconf 89' lang='lat' dir='ltr'>widmet,</span> <span class='ocrx_word' id='word_1_162' title='bbox 1461 2568 1526 2603; x_wconf 87' lang='lat' dir='ltr'>an</span> <span class='ocrx_word' id='word_1_163' title='bbox 1567 2550 1685 2602; x_wconf 91' lang='lat' dir='ltr'>dem</span> <span class='ocrx_word' id='word_1_164' title='bbox 1721 2555 1929 2603; x_wconf 80' lang='lat' dir='ltr'>miissen</span> <span class='ocrx_word' id='word_1_165' title='bbox 1969 2551 2081 2603; x_wconf 86' lang='lat' dir='ltr'>sich</span> <span class='ocrx_word' id='word_1_166' title='bbox 2118 2551 2305 2605; x_wconf 84' lang='lat' dir='ltr'>dessen</span> <span class='ocrx_word' id='word_1_167' title='bbox 2342 2551 2496 2605; x_wconf 70' lang='lat' dir='ltr'>Satze</span> <span class='ocrx_word' id='word_1_168' title='bbox 2533 2553 2756 2606; x_wconf 86' lang='lat' dir='ltr'>bewahr·</span> 
     </span>
     <span class='ocr_line' id='line_1_22' title="bbox 303 2638 2760 2709; baseline 0.002 -18"><span class='ocrx_word' id='word_1_169' title='bbox 303 2640 481 2692; x_wconf 86' lang='lat' dir='ltr'>heiten</span> <span class='ocrx_word' id='word_1_170' title='bbox 517 2640 619 2707; x_wconf 79' lang='lat'><strong>(?);</strong></span> <span class='ocrx_word' id='word_1_171' title='bbox 668 2641 754 2693; x_wconf 90' lang='lat' dir='ltr'>ich</span> <span class='ocrx_word' id='word_1_172' title='bbox 789 2640 923 2694; x_wconf 84' lang='lat' dir='ltr'>habe</span> <span class='ocrx_word' id='word_1_173' title='bbox 958 2657 1114 2707; x_wconf 87' lang='lat' dir='ltr'>usw.;</span> <span class='ocrx_word' id='word_1_174' title='bbox 1155 2640 1323 2707; x_wconf 83' lang='lat' dir='ltr'>„Also</span> <span class='ocrx_word' id='word_1_175' title='bbox 1372 2639 1447 2693; x_wconf 85' lang='lat' dir='ltr'>ist</span> <span class='ocrx_word' id='word_1_176' title='bbox 1493 2640 1585 2692; x_wconf 92' lang='lat' dir='ltr'>der</span> <span class='ocrx_word' id='word_1_177' title='bbox 1623 2639 1746 2692; x_wconf 88' lang='lat' dir='ltr'>Satz</span> <span class='ocrx_word' id='word_1_178' title='bbox 1793 2639 1885 2693; x_wconf 91' lang='lat' dir='ltr'>der</span> <span class='ocrx_word' id='word_1_179' title='bbox 1920 2638 2128 2693; x_wconf 87' lang='lat' dir='ltr'>Stoiker</span> <span class='ocrx_word' id='word_1_180' title='bbox 2171 2640 2379 2693; x_wconf 87' lang='lat' dir='ltr'>falsch“</span> <span class='ocrx_word' id='word_1_181' title='bbox 2420 2644 2561 2695; x_wconf 82' lang='lat' dir='ltr'>statt</span> <span class='ocrx_word' id='word_1_182' title='bbox 2607 2643 2760 2709; x_wconf 87' lang='lat' dir='ltr'>„also</span> 
     </span>
     <span class='ocr_line' id='line_1_23' title="bbox 304 2728 2761 2799; baseline 0.001 -18"><span class='ocrx_word' id='word_1_183' title='bbox 304 2729 399 2781; x_wconf 81' lang='lat' dir='ltr'>hat</span> <span class='ocrx_word' id='word_1_184' title='bbox 441 2729 552 2783; x_wconf 73' lang='lat' dir='ltr'>sich</span> <span class='ocrx_word' id='word_1_185' title='bbox 589 2730 681 2782; x_wconf 88' lang='lat' dir='ltr'>der</span> <span class='ocrx_word' id='word_1_186' title='bbox 718 2728 839 2782; x_wconf 89' lang='lat' dir='ltr'>Satz</span> <span class='ocrx_word' id='word_1_187' title='bbox 878 2730 970 2782; x_wconf 86' lang='lat' dir='ltr'>der</span> <span class='ocrx_word' id='word_1_188' title='bbox 1007 2729 1213 2783; x_wconf 85' lang='lat' dir='ltr'>Stoiker</span> <span class='ocrx_word' id='word_1_189' title='bbox 1249 2746 1280 2781; x_wconf 86' lang='lat' dir='ltr'>a</span> <span class='ocrx_word' id='word_1_190' title='bbox 1295 2748 1329 2782; x_wconf 89' lang='lat' dir='ltr'>n</span> <span class='ocrx_word' id='word_1_191' title='bbox 1365 2747 1418 2782; x_wconf 92' lang='lat' dir='ltr'>m</span> <span class='ocrx_word' id='word_1_192' title='bbox 1435 2730 1493 2781; x_wconf 91' lang='lat' dir='ltr'>ir</span> <span class='ocrx_word' id='word_1_193' title='bbox 1529 2729 1679 2781; x_wconf 89' lang='lat' dir='ltr'>nicht</span> <span class='ocrx_word' id='word_1_194' title='bbox 1715 2729 2175 2795; x_wconf 87' lang='lat' dir='ltr'>bewahrheitet“).</span> <span class='ocrx_word' id='word_1_195' title='bbox 2240 2730 2362 2799; x_wconf 84' lang='lat' dir='ltr'>Vgl.</span> <span class='ocrx_word' id='word_1_196' title='bbox 2399 2729 2483 2783; x_wconf 89' lang='lat' dir='ltr'>die</span> <span class='ocrx_word' id='word_1_197' title='bbox 2520 2731 2761 2785; x_wconf 88' lang='lat' dir='ltr'>Behand-</span> 
     </span>
     <span class='ocr_line' id='line_1_24' title="bbox 303 2817 2759 2888; baseline 0.002 -18"><span class='ocrx_word' id='word_1_198' title='bbox 303 2817 435 2885; x_wconf 80' lang='lat' dir='ltr'>lung</span> <span class='ocrx_word' id='word_1_199' title='bbox 485 2818 575 2870; x_wconf 86' lang='lat' dir='ltr'>des</span> <span class='ocrx_word' id='word_1_200' title='bbox 613 2818 868 2872; x_wconf 88' lang='lat' dir='ltr'>Einwurfs</span> <span class='ocrx_word' id='word_1_201' title='bbox 913 2819 945 2887; x_wconf 66' lang='grc' dir='ltr'>ξ</span> <span class='ocrx_word' id='word_1_202' title='bbox 983 2819 1067 2871; x_wconf 82' lang='lat'>12.</span> <span class='ocrx_word' id='word_1_203' title='bbox 1125 2849 1193 2856; x_wconf 93' lang='lat'><strong>—</strong></span> <span class='ocrx_word' id='word_1_204' title='bbox 1250 2818 1458 2885; x_wconf 77' lang='lat' dir='ltr'>autem]</span> <span class='ocrx_word' id='word_1_205' title='bbox 1496 2829 1596 2871; x_wconf 82' lang='grc' dir='ltr'>νῦν</span> <span class='ocrx_word' id='word_1_206' title='bbox 1630 2818 1767 2886; x_wconf 71' lang='grc' dir='ltr'>(δὲ),</span> <span class='ocrx_word' id='word_1_207' title='bbox 1820 2835 1970 2884; x_wconf 91' lang='lat' dir='ltr'>„nun</span> <span class='ocrx_word' id='word_1_208' title='bbox 2021 2818 2206 2872; x_wconf 87' lang='lat' dir='ltr'>aber“.</span> <span class='ocrx_word' id='word_1_209' title='bbox 2263 2848 2331 2858; x_wconf 93' lang='lat'>—</span> <span class='ocrx_word' id='word_1_210' title='bbox 2380 2821 2759 2888; x_wconf 76' lang='lat' dir='ltr'>percussisset]</span> 
     </span>
     <span class='ocr_line' id='line_1_25' title="bbox 304 2907 2760 2979; baseline 0.001 -18"><span class='ocrx_word' id='word_1_211' title='bbox 304 2909 557 2977; x_wconf 77' lang='grc' dir='ltr'><strong><em>κρούσας,</em></strong></span> <span class='ocrx_word' id='word_1_212' title='bbox 598 2908 867 2977; x_wconf 87' lang='lat' dir='ltr'>„gepocht</span> <span class='ocrx_word' id='word_1_213' title='bbox 904 2909 1102 2961; x_wconf 84' lang='lat' dir='ltr'>hatte“</span> <span class='ocrx_word' id='word_1_214' title='bbox 1141 2909 1195 2961; x_wconf 91' lang='lat' dir='ltr'>in</span> <span class='ocrx_word' id='word_1_215' title='bbox 1233 2907 1483 2961; x_wconf 87' lang='lat' dir='ltr'>Hinblick</span> <span class='ocrx_word' id='word_1_216' title='bbox 1520 2907 1615 2960; x_wconf 86' lang='lat' dir='ltr'>auf</span> <span class='ocrx_word' id='word_1_217' title='bbox 1647 2907 1915 2961; x_wconf 76' lang='lat' dir='ltr'>Audisne.</span> <span class='ocrx_word' id='word_1_218' title='bbox 1955 2937 2023 2945; x_wconf 88' lang='lat'><em>-</em></span> <span class='ocrx_word' id='word_1_219' title='bbox 2061 2923 2128 2962; x_wconf 74' lang='lat' dir='ltr'>eoe</span> <span class='ocrx_word' id='word_1_220' title='bbox 2164 2908 2465 2977; x_wconf 63' lang='lat' dir='ltr'>Epigonis]</span> <span class='ocrx_word' id='word_1_221' title='bbox 2504 2911 2760 2979; x_wconf 76' lang='grc' dir='ltr'><strong><em>ἐπίγονοι</em></strong></span> 
     </span>
     <span class='ocr_line' id='line_1_26' title="bbox 305 2996 2758 3066; baseline 0.001 -18"><span class='ocrx_word' id='word_1_222' title='bbox 305 2997 422 3049; x_wconf 88' lang='lat' dir='ltr'>sind</span> <span class='ocrx_word' id='word_1_223' title='bbox 461 2997 544 3049; x_wconf 90' lang='lat' dir='ltr'>die</span> <span class='ocrx_word' id='word_1_224' title='bbox 581 2997 751 3050; x_wconf 70' lang='lat' dir='ltr'>Sohne</span> <span class='ocrx_word' id='word_1_225' title='bbox 788 2998 880 3050; x_wconf 89' lang='lat' dir='ltr'>der</span> <span class='ocrx_word' id='word_1_226' title='bbox 917 2996 1146 3064; x_wconf 87' lang='lat' dir='ltr'>„Sieben</span> <span class='ocrx_word' id='word_1_227' title='bbox 1185 3014 1350 3065; x_wconf 86' lang='lat' dir='ltr'>gegen</span> <span class='ocrx_word' id='word_1_228' title='bbox 1387 2997 1596 3050; x_wconf 87' lang='lat' dir='ltr'>Theben</span> <span class='ocrx_word' id='word_1_229' title='bbox 1616 2997 1674 3062; x_wconf 92' lang='lat'>“;</span> <span class='ocrx_word' id='word_1_230' title='bbox 1724 2996 1815 3050; x_wconf 88' lang='lat' dir='ltr'>des</span> <span class='ocrx_word' id='word_1_231' title='bbox 1850 2996 2197 3066; x_wconf 64' lang='lat' dir='ltr'>Amphiaraos</span> <span class='ocrx_word' id='word_1_232' title='bbox 2232 2996 2373 3050; x_wconf 86' lang='lat' dir='ltr'>Sohn</span> <span class='ocrx_word' id='word_1_233' title='bbox 2412 2998 2595 3050; x_wconf 78' lang='lat' dir='ltr'>fiihrte·</span> <span class='ocrx_word' id='word_1_234' title='bbox 2624 3000 2758 3052; x_wconf 87' lang='lat' dir='ltr'>auch</span> 
     </span>
     <span class='ocr_line' id='line_1_27' title="bbox 305 3084 2759 3154; baseline 0.002 -17"><span class='ocrx_word' id='word_1_235' title='bbox 305 3086 380 3138; x_wconf 87' lang='lat' dir='ltr'>sie</span> <span class='ocrx_word' id='word_1_236' title='bbox 416 3102 582 3153; x_wconf 86' lang='lat' dir='ltr'>gegen</span> <span class='ocrx_word' id='word_1_237' title='bbox 620 3087 703 3139; x_wconf 87' lang='lat' dir='ltr'>die</span> <span class='ocrx_word' id='word_1_238' title='bbox 741 3086 915 3140; x_wconf 85' lang='lat' dir='ltr'>Stadt.</span> <span class='ocrx_word' id='word_1_239' title='bbox 990 3086 1089 3140; x_wconf 89' lang='lat' dir='ltr'>Die</span> <span class='ocrx_word' id='word_1_240' title='bbox 1126 3086 1376 3154; x_wconf 86' lang='lat' dir='ltr'>Tragiker</span> <span class='ocrx_word' id='word_1_241' title='bbox 1411 3085 1762 3139; x_wconf 88' lang='lat' dir='ltr'>behandelten</span> <span class='ocrx_word' id='word_1_242' title='bbox 1800 3086 1898 3139; x_wconf 91' lang='lat' dir='ltr'>den</span> <span class='ocrx_word' id='word_1_243' title='bbox 1937 3084 2078 3140; x_wconf 85' lang='lat' dir='ltr'>Stoff</span> <span class='ocrx_word' id='word_1_244' title='bbox 2118 3086 2218 3139; x_wconf 90' lang='lat' dir='ltr'>mit</span> <span class='ocrx_word' id='word_1_245' title='bbox 2254 3085 2520 3153; x_wconf 88' lang='lat' dir='ltr'>Vorliebc‚</span> <span class='ocrx_word' id='word_1_246' title='bbox 2571 3087 2759 3141; x_wconf 87' lang='lat' dir='ltr'>ebenso</span> 
     </span>
     <span class='ocr_line' id='line_1_28' title="bbox 304 3174 2759 3242; baseline 0 -14"><span class='ocrx_word' id='word_1_247' title='bbox 304 3175 388 3228; x_wconf 87' lang='lat' dir='ltr'>die</span> <span class='ocrx_word' id='word_1_248' title='bbox 444 3175 727 3229; x_wconf 85' lang='lat' dir='ltr'>Rhetoren.</span> <span class='ocrx_word' id='word_1_249' title='bbox 800 3176 907 3228; x_wconf 89' lang='lat' dir='ltr'>Der</span> <span class='ocrx_word' id='word_1_250' title='bbox 967 3175 1273 3229; x_wconf 83' lang='lat' dir='ltr'>lateinische</span> <span class='ocrx_word' id='word_1_251' title='bbox 1322 3175 1454 3228; x_wconf 83' lang='lat' dir='ltr'>Vere</span> <span class='ocrx_word' id='word_1_252' title='bbox 1515 3175 1589 3228; x_wconf 85' lang='lat' dir='ltr'>ist</span> <span class='ocrx_word' id='word_1_253' title='bbox 1645 3174 1909 3228; x_wconf 84' lang='lat' dir='ltr'>vielleicht</span> <span class='ocrx_word' id='word_1_254' title='bbox 1963 3192 2059 3227; x_wconf 88' lang='lat' dir='ltr'>aus</span> <span class='ocrx_word' id='word_1_255' title='bbox 2115 3174 2207 3227; x_wconf 91' lang='lat' dir='ltr'>der</span> <span class='ocrx_word' id='word_1_256' title='bbox 2257 3175 2614 3242; x_wconf 87' lang='lat' dir='ltr'>Bearbeitung</span> <span class='ocrx_word' id='word_1_257' title='bbox 2668 3177 2759 3230; x_wconf 90' lang='lat' dir='ltr'>des</span> 
     </span>
     <span class='ocr_line' id='line_1_29' title="bbox 304 3263 2758 3333; baseline 0.001 -16"><span class='ocrx_word' id='word_1_258' title='bbox 304 3264 509 3317; x_wconf 89' lang='lat' dir='ltr'>Accius.</span> <span class='ocrx_word' id='word_1_259' title='bbox 557 3293 629 3302; x_wconf 94' lang='lat'>—</span> <span class='ocrx_word' id='word_1_260' title='bbox 675 3264 948 3319; x_wconf 77' lang='lat' dir='ltr'>Zenonem</span> <span class='ocrx_word' id='word_1_261' title='bbox 996 3265 1369 3333; x_wconf 63' lang='lat' dir='ltr'>significabat]</span> <span class='ocrx_word' id='word_1_262' title='bbox 1411 3264 1648 3331; x_wconf 87' lang='lat' dir='ltr'>„meinte</span> <span class='ocrx_word' id='word_1_263' title='bbox 1694 3264 1862 3317; x_wconf 89' lang='lat' dir='ltr'>damit</span> <span class='ocrx_word' id='word_1_264' title='bbox 1898 3263 2018 3331; x_wconf 89' lang='lat' dir='ltr'>(mit</span> <span class='ocrx_word' id='word_1_265' title='bbox 2054 3263 2266 3332; x_wconf 90' lang='lat' dir='ltr'>Amph.)</span> <span class='ocrx_word' id='word_1_266' title='bbox 2305 3263 2403 3318; x_wconf 88' lang='lat' dir='ltr'>den</span> <span class='ocrx_word' id='word_1_267' title='bbox 2455 3265 2650 3319; x_wconf 90' lang='lat' dir='ltr'>Zeno“.</span> <span class='ocrx_word' id='word_1_268' title='bbox 2691 3296 2758 3305; x_wconf 90' lang='lat'>—</span> 
     </span>
     <span class='ocr_line' id='line_1_30' title="bbox 306 3350 2759 3424; baseline 0.001 -18"><span class='ocrx_word' id='word_1_269' title='bbox 306 3350 650 3424; x_wconf 75' lang='lat' dir='ltr'>deyenerare]</span> <span class='ocrx_word' id='word_1_270' title='bbox 690 3355 785 3406; x_wconf 89' lang='lat' dir='ltr'>wie</span> <span class='ocrx_word' id='word_1_271' title='bbox 820 3354 939 3407; x_wconf 86' lang='lat' dir='ltr'>Tac.</span> <span class='ocrx_word' id='word_1_272' title='bbox 970 3352 1144 3409; x_wconf 83' lang='lat' dir='ltr'>Germ.</span> <span class='ocrx_word' id='word_1_273' title='bbox 1182 3370 1225 3407; x_wconf 87' lang='lat' dir='ltr'>c.</span> <span class='ocrx_word' id='word_1_274' title='bbox 1252 3354 1347 3406; x_wconf 81' lang='lat'>44:</span> <span class='ocrx_word' id='word_1_275' title='bbox 1389 3370 1536 3420; x_wconf 90' lang='lat' dir='ltr'>„non</span> <span class='ocrx_word' id='word_1_276' title='bbox 1572 3353 1725 3406; x_wconf 91' lang='lat' dir='ltr'>modo</span> <span class='ocrx_word' id='word_1_277' title='bbox 1762 3370 1795 3405; x_wconf 88' lang='lat' dir='ltr'>a</span> <span class='ocrx_word' id='word_1_278' title='bbox 1829 3353 2075 3406; x_wconf 85' lang='lat' dir='ltr'>libertate</span> <span class='ocrx_word' id='word_1_279' title='bbox 2112 3353 2205 3406; x_wconf 88' lang='lat' dir='ltr'>sed</span> <span class='ocrx_word' id='word_1_280' title='bbox 2240 3353 2399 3406; x_wconf 87' lang='lat' dir='ltr'>etiam</span> <span class='ocrx_word' id='word_1_281' title='bbox 2436 3371 2468 3406; x_wconf 88' lang='lat' dir='ltr'>a</span> <span class='ocrx_word' id='word_1_282' title='bbox 2505 3355 2759 3408; x_wconf 87' lang='lat' dir='ltr'>servitute</span> 
     </span>
     <span class='ocr_line' id='line_1_31' title="bbox 305 3441 1229 3509; baseline 0.001 -15"><span class='ocrx_word' id='word_1_283' title='bbox 305 3441 663 3509; x_wconf 88' lang='lat' dir='ltr'>degenerant“</span> <span class='ocrx_word' id='word_1_284' title='bbox 696 3443 878 3509; x_wconf 85' lang='lat' dir='ltr'>(„sind</span> <span class='ocrx_word' id='word_1_285' title='bbox 916 3443 1229 3507; x_wconf 87' lang='lat' dir='ltr'>entartet“).</span> 
     </span>
    </p>

    <p class='ocr_par' dir='ltr' id='par_1_7' title="bbox 303 3531 2760 4402">
     <span class='ocr_line' id='line_1_32' title="bbox 452 3531 2758 3600; baseline 0 -16"><span class='ocrx_word' id='word_1_286' title='bbox 452 3543 533 3584; x_wconf 78' lang='lat'>61.</span> <span class='ocrx_word' id='word_1_287' title='bbox 585 3547 699 3586; x_wconf 77' lang='lat' dir='ltr'>non</span> <span class='ocrx_word' id='word_1_288' title='bbox 732 3537 920 3586; x_wconf 73' lang='lat' dir='ltr'>noster</span> <span class='ocrx_word' id='word_1_289' title='bbox 956 3531 1314 3599; x_wconf 71' lang='lat' dir='ltr'>Posidonius]</span> <span class='ocrx_word' id='word_1_290' title='bbox 1350 3536 1570 3599; x_wconf 66' lang='lat' dir='ltr'>erganze</span> <span class='ocrx_word' id='word_1_291' title='bbox 1608 3531 2001 3600; x_wconf 74' lang='lat' dir='ltr'>deyemrabat3</span> <span class='ocrx_word' id='word_1_292' title='bbox 2053 3549 2096 3586; x_wconf 89' lang='lat' dir='ltr'>s.</span> <span class='ocrx_word' id='word_1_293' title='bbox 2133 3531 2269 3586; x_wconf 90' lang='lat' dir='ltr'>Einl.</span> <span class='ocrx_word' id='word_1_294' title='bbox 2308 3532 2360 3586; x_wconf 84' lang='lat' dir='ltr'>S.</span> <span class='ocrx_word' id='word_1_295' title='bbox 2399 3533 2449 3585; x_wconf 90' lang='lat'>4.</span> <span class='ocrx_word' id='word_1_296' title='bbox 2507 3532 2622 3585; x_wconf 89' lang='lat' dir='ltr'>Von</span> <span class='ocrx_word' id='word_1_297' title='bbox 2659 3532 2758 3585; x_wconf 86' lang='lat' dir='ltr'>den</span> 
     </span>
     <span class='ocr_line' id='line_1_33' title="bbox 305 3618 2757 3688; baseline 0.001 -17"><span class='ocrx_word' id='word_1_298' title='bbox 305 3618 514 3687; x_wconf 84' lang='lat' dir='ltr'>grossen</span> <span class='ocrx_word' id='word_1_299' title='bbox 561 3619 789 3672; x_wconf 87' lang='lat' dir='ltr'>Lehrern</span> <span class='ocrx_word' id='word_1_300' title='bbox 807 3662 819 3685; x_wconf 89' lang='lat'>‚</span> <span class='ocrx_word' id='word_1_301' title='bbox 867 3621 951 3673; x_wconf 88' lang='lat' dir='ltr'>die</span> <span class='ocrx_word' id='word_1_302' title='bbox 995 3620 1128 3674; x_wconf 88' lang='lat' dir='ltr'>nach</span> <span class='ocrx_word' id='word_1_303' title='bbox 1179 3621 1382 3675; x_wconf 87' lang='lat' dir='ltr'>Ciceros</span> <span class='ocrx_word' id='word_1_304' title='bbox 1427 3621 1638 3688; x_wconf 88' lang='lat' dir='ltr'>eigener</span> <span class='ocrx_word' id='word_1_305' title='bbox 1687 3620 1907 3688; x_wconf 87' lang='lat' dir='ltr'>Angabe</span> <span class='ocrx_word' id='word_1_306' title='bbox 1941 3620 2042 3687; x_wconf 89' lang='lat' dir='ltr'>(De</span> <span class='ocrx_word' id='word_1_307' title='bbox 2079 3625 2189 3674; x_wconf 88' lang='lat' dir='ltr'>nat.</span> <span class='ocrx_word' id='word_1_308' title='bbox 2227 3620 2365 3675; x_wconf 88' lang='lat' dir='ltr'>deor.</span> <span class='ocrx_word' id='word_1_309' title='bbox 2403 3620 2459 3687; x_wconf 92' lang='lat' dir='ltr'>I,</span> <span class='ocrx_word' id='word_1_310' title='bbox 2511 3622 2565 3684; x_wconf 90' lang='grc'>6)</span> <span class='ocrx_word' id='word_1_311' title='bbox 2604 3623 2757 3674; x_wconf 86' lang='lat' dir='ltr'>nach-</span> 
     </span>
     <span class='ocr_line' id='line_1_34' title="bbox 304 3707 2758 3779; baseline 0.001 -19"><span class='ocrx_word' id='word_1_312' title='bbox 304 3707 542 3775; x_wconf 88' lang='lat' dir='ltr'>haltigen</span> <span class='ocrx_word' id='word_1_313' title='bbox 578 3707 799 3762; x_wconf 82' lang='lat' dir='ltr'>Einfluss</span> <span class='ocrx_word' id='word_1_314' title='bbox 836 3709 928 3763; x_wconf 86' lang='lat' dir='ltr'>auf</span> <span class='ocrx_word' id='word_1_315' title='bbox 961 3711 1100 3762; x_wconf 81' lang='lat' dir='ltr'>scine</span> <span class='ocrx_word' id='word_1_316' title='bbox 1135 3709 1591 3779; x_wconf 88' lang='lat' dir='ltr'>philosophischen</span> <span class='ocrx_word' id='word_1_317' title='bbox 1628 3709 1850 3763; x_wconf 86' lang='lat' dir='ltr'>Studien</span> <span class='ocrx_word' id='word_1_318' title='bbox 1886 3710 2066 3776; x_wconf 79' lang='lat' dir='ltr'>fibten,</span> <span class='ocrx_word' id='word_1_319' title='bbox 2107 3709 2478 3776; x_wconf 89' lang='lat' dir='ltr'>Diodotus,</span> <span class='ocrx_word' id='word_1_320' title='bbox 2529 3709 2758 3776; x_wconf 90' lang='lat' dir='ltr'>Philo,</span> 
     </span>
     <span class='ocr_line' id='line_1_35' title="bbox 306 3796 2757 3868; baseline 0.001 -19"><span class='ocrx_word' id='word_1_321' title='bbox 306 3796 720 3866; x_wconf 74' lang='lat' dir='ltr'>Antiochu8‚</span> <span class='ocrx_word' id='word_1_322' title='bbox 771 3797 1213 3865; x_wconf 76' lang='lat' dir='ltr'>PosidoniuS‚</span> <span class='ocrx_word' id='word_1_323' title='bbox 1267 3815 1373 3851; x_wconf 87' lang='lat' dir='ltr'>war</span> <span class='ocrx_word' id='word_1_324' title='bbox 1420 3799 1590 3852; x_wconf 80' lang='lat' dir='ltr'>dieser</span> <span class='ocrx_word' id='word_1_325' title='bbox 1637 3799 1773 3853; x_wconf 88' lang='lat' dir='ltr'>wohl</span> <span class='ocrx_word' id='word_1_326' title='bbox 1820 3798 1912 3852; x_wconf 90' lang='lat' dir='ltr'>der</span> <span class='ocrx_word' id='word_1_327' title='bbox 1958 3798 2271 3866; x_wconf 86' lang='lat' dir='ltr'>wichtigste.</span> <span class='ocrx_word' id='word_1_328' title='bbox 2329 3827 2396 3836; x_wconf 91' lang='lat'>—</span> <span class='ocrx_word' id='word_1_329' title='bbox 2453 3815 2519 3853; x_wconf 76' lang='lat' dir='ltr'>ex</span> <span class='ocrx_word' id='word_1_330' title='bbox 2566 3797 2757 3868; x_wconf 69' lang='lat' dir='ltr'>Sym&#39;a]</span> 
     </span>
     <span class='ocr_line' id='line_1_36' title="bbox 305 3884 2759 3956; baseline 0.001 -18"><span class='ocrx_word' id='word_1_331' title='bbox 305 3884 359 3937; x_wconf 90' lang='lat' dir='ltr'>N</span> <span class='ocrx_word' id='word_1_332' title='bbox 359 3886 456 3938; x_wconf 88' lang='lat' dir='ltr'>ach</span> <span class='ocrx_word' id='word_1_333' title='bbox 483 3886 826 3955; x_wconf 84' lang='lat' dir='ltr'>Beendigung</span> <span class='ocrx_word' id='word_1_334' title='bbox 861 3888 954 3940; x_wconf 91' lang='lat' dir='ltr'>des</span> <span class='ocrx_word' id='word_1_335' title='bbox 991 3888 1192 3940; x_wconf 88' lang='lat' dir='ltr'>dritten</span> <span class='ocrx_word' id='word_1_336' title='bbox 1220 3887 1684 3941; x_wconf 80' lang='lat' dir='ltr'>Mithridatischen</span> <span class='ocrx_word' id='word_1_337' title='bbox 1711 3888 1945 3956; x_wconf 84' lang='lat' dir='ltr'>Krieges,</span> <span class='ocrx_word' id='word_1_338' title='bbox 1984 3888 2063 3941; x_wconf 85' lang='lat' dir='ltr'>als</span> <span class='ocrx_word' id='word_1_339' title='bbox 2100 3904 2158 3939; x_wconf 88' lang='lat' dir='ltr'>er</span> <span class='ocrx_word' id='word_1_340' title='bbox 2193 3904 2293 3941; x_wconf 84' lang='lat' dir='ltr'>von</span> <span class='ocrx_word' id='word_1_341' title='bbox 2319 3887 2610 3941; x_wconf 87' lang='lat' dir='ltr'>Jerusalem</span> <span class='ocrx_word' id='word_1_342' title='bbox 2636 3887 2759 3940; x_wconf 88' lang='lat' dir='ltr'>kam</span> 
     </span>
     <span class='ocr_line' id='line_1_37' title="bbox 303 3974 2757 4048; baseline 0 -20"><span class='ocrx_word' id='word_1_343' title='bbox 303 3975 395 4039; x_wconf 79' lang='lat'>(63</span> <span class='ocrx_word' id='word_1_344' title='bbox 435 3992 480 4028; x_wconf 78' lang='lat' dir='ltr'>v,</span> <span class='ocrx_word' id='word_1_345' title='bbox 519 3974 679 4041; x_wconf 88' lang='lat' dir='ltr'>Chr.).</span> <span class='ocrx_word' id='word_1_346' title='bbox 752 3975 929 4032; x_wconf 84' lang='lat' dir='ltr'>Cicero</span> <span class='ocrx_word' id='word_1_347' title='bbox 975 3976 1248 4030; x_wconf 84' lang='lat' dir='ltr'>verkehrte</span> <span class='ocrx_word' id='word_1_348' title='bbox 1296 3977 1398 4030; x_wconf 84' lang='lat' dir='ltr'>viel</span> <span class='ocrx_word' id='word_1_349' title='bbox 1446 3978 1547 4030; x_wconf 89' lang='lat' dir='ltr'>mit</span> <span class='ocrx_word' id='word_1_350' title='bbox 1581 3976 1876 4048; x_wconf 86' lang='lat' dir='ltr'>Pompejus.</span> <span class='ocrx_word' id='word_1_351' title='bbox 1931 4007 1998 4015; x_wconf 96' lang='lat'><strong>—</strong></span> <span class='ocrx_word' id='word_1_352' title='bbox 2047 3977 2166 4031; x_wconf 76' lang='lat' dir='ltr'>eius</span> <span class='ocrx_word' id='word_1_353' title='bbox 2210 3981 2370 4031; x_wconf 65' lang='lat' dir='ltr'>anus</span> <span class='ocrx_word' id='word_1_354' title='bbox 2414 3976 2757 4043; x_wconf 77' lang='lat' dir='ltr'>laborarent]</span> 
     </span>
     <span class='ocr_line' id='line_1_38' title="bbox 308 4061 2758 4134; baseline 0.001 -19"><span class='ocrx_word' id='word_1_355' title='bbox 308 4079 419 4129; x_wconf 88' lang='lat' dir='ltr'>„an</span> <span class='ocrx_word' id='word_1_356' title='bbox 457 4061 816 4132; x_wconf 85' lang='lat' dir='ltr'>Gliedergicht</span> <span class='ocrx_word' id='word_1_357' title='bbox 849 4066 1004 4119; x_wconf 56' lang='lat' dir='ltr'>litt-,⁴2</span> <span class='ocrx_word' id='word_1_358' title='bbox 1045 4094 1111 4105; x_wconf 90' lang='lat'>—-</span> <span class='ocrx_word' id='word_1_359' title='bbox 1142 4072 1466 4134; x_wconf 77' lang='lat' dir='ltr'>prosecutus</span> <span class='ocrx_word' id='word_1_360' title='bbox 1503 4066 1658 4133; x_wconf 86' lang='lat' dir='ltr'>esset]</span> <span class='ocrx_word' id='word_1_361' title='bbox 1697 4065 2023 4133; x_wconf 87' lang='lat' dir='ltr'>„angeredet</span> <span class='ocrx_word' id='word_1_362' title='bbox 2058 4066 2270 4119; x_wconf 84' lang='lat' dir='ltr'>hatte“.</span> <span class='ocrx_word' id='word_1_363' title='bbox 2309 4095 2377 4104; x_wconf 90' lang='lat'>—</span> <span class='ocrx_word' id='word_1_364' title='bbox 2422 4065 2638 4118; x_wconf 83' lang='lat' dir='ltr'>moleste</span> <span class='ocrx_word' id='word_1_365' title='bbox 2675 4104 2687 4117; x_wconf 92' lang='lat'>.</span> <span class='ocrx_word' id='word_1_366' title='bbox 2709 4105 2721 4117; x_wconf 91' lang='lat'>.</span> <span class='ocrx_word' id='word_1_367' title='bbox 2745 4104 2758 4117; x_wconf 90' lang='lat'>.</span> 
     </span>
     <span class='ocr_line' id='line_1_39' title="bbox 305 4152 2757 4222; baseline -0 -16"><span class='ocrx_word' id='word_1_368' title='bbox 305 4152 475 4219; x_wconf 79' lang='lat' dir='ltr'>ferre]</span> <span class='ocrx_word' id='word_1_369' title='bbox 515 4194 545 4219; x_wconf 96' lang='lat'><strong>„</strong></span> <span class='ocrx_word' id='word_1_370' title='bbox 556 4171 613 4206; x_wconf 88' lang='lat' dir='ltr'>es</span> <span class='ocrx_word' id='word_1_371' title='bbox 662 4157 753 4207; x_wconf 88' lang='lat' dir='ltr'>tue</span> <span class='ocrx_word' id='word_1_372' title='bbox 799 4154 908 4207; x_wconf 90' lang='lat' dir='ltr'>ihm</span> <span class='ocrx_word' id='word_1_373' title='bbox 956 4155 1123 4209; x_wconf 88' lang='lat' dir='ltr'>leid“.</span> <span class='ocrx_word' id='word_1_374' title='bbox 1176 4185 1243 4194; x_wconf 89' lang='lat'>-—</span> <span class='ocrx_word' id='word_1_375' title='bbox 1295 4161 1358 4209; x_wconf 86' lang='lat' dir='ltr'>at</span> <span class='ocrx_word' id='word_1_376' title='bbox 1404 4156 1519 4222; x_wconf 81' lang='lat' dir='ltr'>ille]</span> <span class='ocrx_word' id='word_1_377' title='bbox 1568 4161 1632 4210; x_wconf 86' lang='lat' dir='ltr'>at</span> <span class='ocrx_word' id='word_1_378' title='bbox 1680 4155 1835 4209; x_wconf 80' lang='lat' dir='ltr'>sollte</span> <span class='ocrx_word' id='word_1_379' title='bbox 1882 4154 2032 4208; x_wconf 90' lang='lat' dir='ltr'>nicht</span> <span class='ocrx_word' id='word_1_380' title='bbox 2068 4155 2169 4208; x_wconf 92' lang='lat' dir='ltr'>den</span> <span class='ocrx_word' id='word_1_381' title='bbox 2204 4154 2468 4208; x_wconf 81' lang='lat' dir='ltr'>Nachsatz</span> <span class='ocrx_word' id='word_1_382' title='bbox 2514 4152 2757 4206; x_wconf 88' lang='lat' dir='ltr'>einleiten</span> 
     </span>
     <span class='ocr_line' id='line_1_40' title="bbox 303 4242 2760 4313; baseline -0.001 -17"><span class='ocrx_word' id='word_1_383' title='bbox 303 4243 420 4308; x_wconf 83' lang='lat' dir='ltr'>(ille</span> <span class='ocrx_word' id='word_1_384' title='bbox 454 4242 692 4311; x_wconf 74' lang='lat' dir='ltr'>inqm‘t),</span> <span class='ocrx_word' id='word_1_385' title='bbox 731 4243 954 4297; x_wconf 87' lang='lat' dir='ltr'>sondern</span> <span class='ocrx_word' id='word_1_386' title='bbox 990 4243 1074 4297; x_wconf 89' lang='lat' dir='ltr'>die</span> <span class='ocrx_word' id='word_1_387' title='bbox 1097 4244 1279 4297; x_wconf 88' lang='lat' dir='ltr'>Worte</span> <span class='ocrx_word' id='word_1_388' title='bbox 1317 4244 1410 4297; x_wconf 86' lang='lat' dir='ltr'>des</span> <span class='ocrx_word' id='word_1_389' title='bbox 1446 4244 1781 4297; x_wconf 84' lang='lat' dir='ltr'>Posidonius:</span> <span class='ocrx_word' id='word_1_390' title='bbox 1818 4244 1899 4297; x_wconf 80' lang='lat' dir='ltr'>At</span> <span class='ocrx_word' id='word_1_391' title='bbox 1938 4249 2001 4297; x_wconf 78' lang='lat' dir='ltr'>tw</span> <span class='ocrx_word' id='word_1_392' title='bbox 2031 4249 2194 4313; x_wconf 77' lang='lat' dir='ltr'>potes</span> <span class='ocrx_word' id='word_1_393' title='bbox 2232 4243 2419 4309; x_wconf 85' lang='lat' dir='ltr'>‚,nein,</span> <span class='ocrx_word' id='word_1_394' title='bbox 2457 4242 2527 4295; x_wconf 90' lang='lat' dir='ltr'>du</span> <span class='ocrx_word' id='word_1_395' title='bbox 2563 4242 2760 4295; x_wconf 82' lang='lat' dir='ltr'>kannst</span> 
     </span>
     <span class='ocr_line' id='line_1_41' title="bbox 304 4330 2758 4402; baseline -0.001 -16"><span class='ocrx_word' id='word_1_396' title='bbox 304 4333 429 4399; x_wconf 86' lang='lat' dir='ltr'>es“;</span> <span class='ocrx_word' id='word_1_397' title='bbox 487 4333 639 4386; x_wconf 80' lang='lat' dir='ltr'>daffir</span> <span class='ocrx_word' id='word_1_398' title='bbox 686 4349 936 4401; x_wconf 84' lang='lat' dir='ltr'>synonym</span> <span class='ocrx_word' id='word_1_399' title='bbox 992 4332 1078 4387; x_wconf 77' lang='lat' dir='ltr'>Tu</span> <span class='ocrx_word' id='word_1_400' title='bbox 1130 4349 1254 4388; x_wconf 84' lang='lat' dir='ltr'>vero</span> <span class='ocrx_word' id='word_1_401' title='bbox 1294 4339 1479 4402; x_wconf 74' lang='lat' dir='ltr'>pote83</span> <span class='ocrx_word' id='word_1_402' title='bbox 1535 4333 1744 4387; x_wconf 75' lang='lat' dir='ltr'>iihnlich</span> <span class='ocrx_word' id='word_1_403' title='bbox 1792 4332 1965 4400; x_wconf 85' lang='lat' dir='ltr'>gleich</span> <span class='ocrx_word' id='word_1_404' title='bbox 2012 4332 2200 4385; x_wconf 84' lang='lat' dir='ltr'>darauf</span> <span class='ocrx_word' id='word_1_405' title='bbox 2243 4332 2444 4400; x_wconf 76' lang='lat' dir='ltr'>Itaque</span> <span class='ocrx_word' id='word_1_406' title='bbox 2491 4330 2640 4384; x_wconf 91' lang='lat' dir='ltr'>nicht</span> <span class='ocrx_word' id='word_1_407' title='bbox 2695 4347 2758 4384; x_wconf 84' lang='lat' dir='ltr'>zu</span> 
     </span>
    </p>
   </div>
  </div>
 </body>
</html>
