3221 4850
1076 1140 1355 1207 LIBER
1408 1140 1896 1210 SECUNDUS

742 1286 898 1369 DE
962 1285 1678 1370 TOLERANDO
1739 1285 2237 1371 DOLORE.

1088 1583 1889 1651 ARGUMENTUM.

436 1697 583 1756 Post
628 1696 1085 1757 cohortationem
1131 1696 1208 1756 ad
1252 1696 1687 1771 philosophiam
1727 1696 2040 1772 diligenter
2071 1696 2372 1757 colendam
2407 1698 2466 1755 et
2495 1696 2723 1756 Latinis

255 1785 666 1846 illustrandam
694 1784 908 1845 litteris
938 1787 1091 1862 (cap.
1129 1787 1325 1860 1—3)
1373 1801 1559 1845 sermo
1605 1786 1672 1844 in
1701 1785 2032 1846 Tusculano
2081 1785 2165 1845 de
2213 1785 2479 1846 dolore
2524 1786 2725 1846 tole-

257 1895 289 1935 ι·
303 1893 392 1934 an
408 1875 447 1933 d
462 1893 494 1935 o
540 1875 849 1935 institutus
881 1875 1202 1949 exponitur.
1278 1876 1339 1934 Is
1388 1874 1622 1934 ducitur
1664 1874 1737 1933 ab
1772 1874 2005 1934 exordio
2041 1874 2112 1934 de
2143 1874 2553 1950 philosophiae
2597 1875 2727 1934 lau·
2816 1924 2821 1929 .

258 1964 435 2023 dibus
482 1965 541 2021 et
585 1963 868 2023 auditoris
909 1964 1199 2023 sententia
1243 1964 1314 2022 de
1345 1964 1630 2023 malorum
1660 1962 1877 2022 finibus
1921 1963 1985 2021 in
2033 1962 2231 2023 dolore
2277 1963 2570 2038 ponendis
2615 1965 2727 2023 hoc

260 2053 507 2111 maxime
538 2054 878 2127 argumento
909 2052 1212 2126 refellitur,
1259 2052 1416 2126 quod
1448 2052 1701 2111 dedecus
1734 2068 1908 2125 quam
1941 2052 2106 2111 dolor
2149 2051 2340 2111 maius
2388 2052 2468 2112 sit
2513 2052 2729 2111 malum

261 2143 413 2218 (cap.
464 2142 545 2216 5).
621 2140 847 2200 Deinde
896 2141 1135 2201 docetur
1180 2140 1413 2200 omnino
1460 2158 1533 2199 ne
1580 2141 1799 2199 malum
1846 2140 2080 2214 quidem
2128 2158 2256 2200 esse
2306 2140 2578 2201 dolorem.
2656 2142 2729 2200 In

259 2248 376 2305 quo
432 2231 683 2306 primum
738 2230 1049 2290 multorum
1094 2229 1576 2305 philosophorum
1621 2229 2082 2289 imbecillitatem
2129 2228 2505 2290 demonstrat.
2595 2230 2729 2289 Ari-

258 2319 522 2396 stippum
570 2318 723 2377 enim
754 2318 1110 2378 Socraticum
1140 2336 1258 2378 non
1291 2318 1589 2378 dubitasse
1624 2318 1880 2378 dolorem
1917 2336 2208 2378 summum
2255 2319 2473 2378 malum
2520 2318 2729 2392 dicere,

259 2427 437 2483 quem
466 2407 756 2483 Epicurus
787 2410 1024 2468 secutus
1055 2408 1150 2483 sit,
1181 2408 1599 2483 Hieronymum
1632 2409 1828 2467 autem
1858 2407 2152 2468 Rhodium
2183 2425 2474 2468 summum
2510 2407 2730 2469 bonum

260 2498 531 2572 posuisse
576 2497 640 2557 in
670 2499 964 2557 vacuitate
998 2497 1229 2558 dolor-ie.
1301 2497 1535 2557 Ceteros
1565 2498 1799 2572 praeter
1828 2497 2139 2570 Zenonem,
2183 2497 2537 2571 Aristonem,
2583 2499 2730 2573 Pyr-

263 2588 504 2647 rhonem
550 2587 768 2646 malum
813 2589 1068 2660 putasse.
1160 2588 1375 2646 Poetas
1423 2603 1652 2661 quoque
1712 2586 1785 2645 ab
1841 2586 1955 2646 hac
2011 2587 2284 2661 opinione
2344 2603 2459 2646 non
2507 2587 2731 2661 abesse,

267 2675 422 2750 quod
467 2676 752 2734 inducant
795 2693 1050 2735 summos
1095 2676 1360 2735 homines
1404 2675 1468 2734 in
1514 2675 1703 2735 acutis
1737 2676 2035 2735 doloribus
2067 2693 2185 2735 non
2215 2674 2467 2735 viriliter
2511 2676 2732 2735 lamen-

260 2766 459 2823 tantes
507 2768 657 2837 (cap.
693 2765 953 2838 6—12).
1024 2764 1327 2824 contortas
1375 2781 1506 2823 vero
1556 2782 1684 2823 esse
1734 2781 1832 2823 eas
1878 2764 2153 2838 rationes,
2202 2764 2417 2838 quibus
2462 2764 2525 2823 in
2572 2765 2731 2823 fran-

267 2852 477 2928 gendis
520 2853 613 2911 his
661 2852 1034 2927 opinionibus
1078 2855 1319 2912 utantur
1359 2853 1541 2912 Stoici
1601 2870 1815 2927 eosque
1865 2853 2102 2912 definire
2150 2853 2282 2912 aliis
2327 2853 2524 2912 verbis
2571 2854 2732 2913 dolo-

263 2958 414 3014 rem,
469 2958 588 3001 non
632 2942 853 3002 tollere.
944 2942 1160 3001 Verum
1203 2942 1387 3016 igitur
1432 2942 1542 3001 hoc
1591 2959 1747 3014 esse,
1806 2942 2062 3002 dolorem
2109 2942 2555 3017 opprimendum
2602 2959 2728 3001 esse

267 3030 551 3105 patientia
597 3032 656 3089 et
700 3029 1040 3090 fortitudine
1085 3030 1263 3105 idque
1310 3031 1521 3105 partim
1569 3031 1978 3090 exercitatione
2025 3031 2152 3090 fieri
2206 3033 2266 3090 et
2312 3032 2732 3090 consuetudine

267 3122 421 3195 (cap.
472 3121 784 3194 13—17)‚
842 3119 1055 3194 partim
1099 3120 1321 3179 ratione
1371 3121 1429 3178 et
1474 3119 1788 3194 sapientia,
1844 3120 1908 3178 in
1955 3136 2069 3194 quo
2117 3120 2270 3178 nihil
2314 3120 2519 3195 profici
2566 3121 2736 3180 docet

264 3208 492 3267 ratione
522 3208 760 3282 Epicuri
806 3208 1047 3283 longum
1094 3208 1349 3268 dolorem
1394 3208 1597 3280 levem,
1645 3225 1882 3282 gravem
1914 3211 2108 3267 autem
2138 3207 2375 3267 brevem
2424 3226 2550 3268 esse
2599 3227 2734 3268 cen-

268 3297 453 3356 sentis
498 3298 651 3373 (cap.
705 3301 801 3358 18.
861 3298 979 3371 19).
1069 3298 1276 3371 Itaque
1332 3297 1582 3370 primum
1630 3299 1894 3371 oportere
1943 3298 2054 3357 hoc
2101 3297 2218 3357 sibi
2265 3315 2553 3372 quemque
2600 3315 2735 3373 per-

268 3386 533 3459 suadere,
580 3385 730 3444 nihil
760 3385 1066 3445 honestius
1113 3403 1240 3445 esse
1279 3403 1347 3445 ac
1376 3385 1750 3458 laudabiliuS‚
1799 3403 1873 3444 ne
1908 3386 2224 3461 optabilius
2258 3386 2512 3461 quidem,
2560 3404 2735 3461 quam

271 3474 419 3533 ferre
468 3474 749 3547 dolorem,
809 3474 1019 3533 deinde
1066 3474 1182 3534 sibi
1224 3474 1419 3549 ipsum
1463 3475 1766 3549 imperare.
1857 3474 2010 3533 Nam
2057 3475 2332 3549 quoniam
2380 3475 2610 3534 animus
2657 3475 2736 3534 sit

270 3563 336 3621 in
381 3565 576 3636 partes
623 3563 878 3622 tributus
925 3563 1088 3637 duas,
1136 3564 1378 3623 alteram
1423 3563 1666 3623 rationis
1713 3564 2058 3639 participem
2071 3608 2088 3638 ,
2134 3564 2378 3623 alteram
2426 3567 2735 3640 expertem,

273 3652 433 3710 illam
488 3651 626 3710 huic
679 3651 963 3726 imperare
1008 3654 1305 3726 tamquam
1353 3653 1650 3712 dominum
1698 3669 1891 3726 servo,
1950 3652 2015 3712 id
2071 3655 2161 3712 est
2215 3653 2440 3712 ratione
2488 3653 2738 3712 coerceri

273 3740 656 3799 temeritatem
698 3742 976 3814 oportere.
1048 3741 1109 3799 Si
1155 3758 1218 3800 se
1263 3740 1514 3816 turpiter
1558 3742 1727 3816 gerat
1772 3742 1831 3800 et
1875 3741 2191 3823 gemitibus
2239 3759 2307 3801 ac
2353 3741 2591 3801 fletibus
2637 3742 2736 3802 de·

274 3830 394 3901 dat,
423 3829 739 3889 amicorum
769 3829 1338 3904 propinquorumque
1371 3830 1653 3890 custodiis
1686 3830 2195 3904 constringendam
2229 3847 2387 3902 esse3
2421 3831 2513 3890 sin
2544 3832 2739 3890 autem

276 3917 494 3976 firmior
531 3918 625 3990 sit,
670 3920 967 3992 tamquam
997 3918 1216 3978 bonum
1248 3919 1490 3977 militem
1522 3919 1825 3979 admonitu
1854 3919 2245 3978 revocandum
2278 3936 2406 3979 esse
2438 3921 2513 3978 ad
2547 3919 2739 3994 digni-

273 4008 456 4064 tatem
502 4008 653 4081 (cap.
687 4011 789 4069 20.
822 4008 951 4081 21).
1027 4008 1423 4067 Intentionem
1471 4007 1646 4067 etiam
1692 4007 2086 4067 adhibendam
2135 4025 2281 4082 esse,
2330 4008 2517 4082 cuius,
2564 4010 2633 4066 ut
2674 4008 2738 4066 in

276 4111 532 4168 corpore,
580 4094 665 4153 sic
708 4095 774 4154 in
819 4096 1009 4155 animo
1057 4114 1271 4170 magna
1314 4097 1406 4156 vis
1451 4097 1531 4155 sit
1574 4098 1728 4173 (cap.
1762 4102 1865 4158 22.
1899 4099 2026 4172 23).
2100 4096 2515 4156 contendendo
2564 4096 2738 4154 etiam

275 4183 458 4242 levari
505 4199 732 4243 omnem
776 4183 1035 4244 laborem
1083 4185 1452 4259 doloremque
1500 4188 1652 4261 (cap.
1702 4188 1828 4260 24).
1904 4186 2065 4244 Illud
2113 4185 2364 4259 denique
2410 4200 2739 4258 proponen-

273 4273 415 4330 dum
462 4273 680 4345 animo,
740 4273 1182 4347 amplitudinem
1228 4274 1435 4348 animi,
1496 4291 1644 4348 quae
1700 4273 1945 4333 maxime
2003 4275 2255 4333 emineat
2300 4273 2742 4332 contemnendis

273 4360 610 4434 doloribus,
680 4378 856 4421 unam
927 4379 1053 4421 esse
1125 4363 1382 4422 omnium
1449 4381 1642 4421 rerum
1711 4362 2160 4437 pulcherrimam
2229 4364 2381 4436 (cap.
2445 4365 2547 4424 25.
2610 4365 2738 4437 26).

386 4460 495 4517 Orc.
521 4462 677 4519 Tusa.
704 4479 968 4521 mmm.
1022 4479 1061 4520 1.
1088 4480 1147 4519 11.
1219 4463 1264 4521 Ι.
2277 4464 2312 4517 8
