3221 4850
461 334 535 394 66
1258 331 1677 386 Tusculanarum
1713 331 2129 399 disputationum

357 490 442 551 25
644 495 930 574 Quorsus
976 495 1173 577 igitur
1202 494 1362 558 haec
1407 495 1658 576 spectat
1688 493 1938 557 oratio?
2017 492 2194 571 Quae
2243 492 2328 556 sit
2357 492 2470 556 illa
2514 493 2609 557 vis
2659 496 2725 558 et
2754 494 2928 560 unde

378 578 580 680 ⁶⁰sit,
641 602 1146 684 intellegendum
1191 603 1366 683 puto.
1455 599 1602 663 Non
1651 603 1750 664 est
1796 602 1966 664 certe
2014 618 2133 664 nec
2178 598 2383 664 cordis
2429 618 2548 664 nec
2594 601 2927 682 sanguinis

461 728 582 774 nec
639 709 879 774 cerebri
931 727 1049 773 nec
1104 709 1497 781 atomorum;
1558 706 1808 770 animae
1866 706 1953 770 sit
2009 706 2288 788 ignisne,
2345 707 2590 783 nescio,
2647 727 2767 772 nec
2818 728 2925 774 me

461 816 678 900 pudet,
724 818 800 880 ut
843 816 1019 892 istos,
1065 814 1253 880 fateri
1295 814 1558 891 nescire,
1605 813 1774 895 quod
1807 813 2121 887 nesciam3
2168 812 2345 891 illud,
2394 814 2448 877 si
2494 815 2628 878 ulla
2676 815 2800 879 alia
2845 816 2925 881 de

461 943 531 988 re
589 924 858 989 obscura
913 922 1247 987 adfirmare
1292 939 1578 1004 possem,
1639 920 1770 984 sive
1829 920 2044 984 anima
2101 920 2232 984 sive
2286 921 2452 1001 ignis
2511 921 2597 985 sit
2652 922 2923 1000 animuS,

463 1049 612 1094 eum
656 1030 936 1094 iurarem
983 1047 1121 1093 esse
1170 1028 1473 1092 divinum.
1565 1026 1735 1105 Quid
1782 1027 2000 1090 enim?
2062 1027 2316 1091 obsecro
2364 1029 2460 1103 te,
2507 1029 2758 1093 terrane
2805 1029 2926 1093 tibi

461 1138 582 1201 hoc
639 1138 946 1201 nebuloso
1010 1137 1076 1199 et
1130 1135 1472 1215 caliginoso
1534 1134 1707 1197 caelo
1769 1134 1884 1196 aut
1938 1135 2082 1197 sata
2143 1135 2257 1196 aut
2312 1136 2608 1198 concreta
2669 1132 2928 1199 videtur

461 1245 648 1307 tanta
694 1244 788 1308 vis
833 1243 1225 1307 memoriae?
1319 1240 1414 1317 Si,
1463 1240 1617 1321 quid
1665 1240 1750 1303 sit
1794 1239 1941 1317 hoc,
1994 1258 2122 1303 non
2167 1239 2370 1317 videa,
2428 1243 2522 1317 at,
2583 1244 2770 1323 quale
2818 1244 2924 1320 sit,

377 1350 674 1425 eivides;
736 1351 790 1414 si
845 1368 925 1413 ne
979 1349 1045 1412 id
1096 1347 1384 1430 quidem,
1445 1349 1542 1424 at,
1603 1349 1917 1428 quantum
1966 1346 2079 1423 sit,
2139 1346 2419 1429 profecto
2465 1348 2659 1412 vides.
2751 1348 2924 1427 Quid

461 1456 703 1538 igitur?
764 1458 984 1519 utrum
1032 1454 1449 1537 capacitatem
1498 1453 1780 1535 aliquam
1836 1453 1905 1516 in
1960 1454 2170 1517 animo
2216 1455 2521 1535 putamus
2568 1473 2734 1533 esse,
2795 1474 2927 1536 quo

461 1565 798 1644 tamquam
843 1563 910 1627 iu
957 1560 1212 1644 aliquod
1259 1579 1370 1625 vas
1420 1579 1511 1636 ea,
1561 1578 1723 1641 quae
1770 1560 2198 1637 meminimus,
2243 1559 2711 1625 infundantur?
2793 1564 2927 1627 Ab·

463 1669 730 1732 surdum
776 1668 843 1732 id
889 1668 1163 1751 quidem.
1240 1667 1366 1746 Qui
1412 1667 1581 1731 enim
1627 1665 1864 1730 fundus
1912 1669 2027 1730 aut
2073 1686 2234 1748 quae
2282 1667 2430 1731 talis
2480 1667 2675 1731 animi
2712 1668 2932 1750 figura

460 1776 746 1857 intellegi
800 1777 1015 1857 potest
1073 1776 1187 1838 aut
1244 1792 1406 1855 quae
1464 1774 1651 1836 tanta
1710 1772 1963 1836 omnino
2020 1774 2386 1856 capacitas?
2477 1777 2578 1839 An
2638 1775 2930 1857 imprimi

462 1883 645 1963 quasi
716 1900 926 1946 ceram
996 1881 1281 1945 animum
1349 1881 1654 1962 putamus
1733 1881 1797 1943 et
1866 1898 2004 1943 6336
2073 1881 2448 1944 memoriam
2517 1882 2926 1963 signatarum

459 2007 674 2052 rerum
721 1988 788 2052 in
841 1990 1055 2052 mente
1102 1987 1418 2069 vestigia?
1512 1986 1689 2065 Quae
1737 1988 2006 2068 possunt
2051 1987 2417 2065 verborum,
2479 2007 2642 2069 quae
2701 2009 2924 2055 rerum

459 2096 746 2179 ipsarum
793 2115 932 2160 esse
979 2095 1264 2177 vestigia,
1314 2113 1476 2176 quae
1523 2114 1709 2176 porro
1756 2095 1891 2157 tam
1939 2094 2254 2158 immensa
2298 2095 2706 2177 magnitudo,
2754 2116 2927 2219 quae
3153 1992 3173 2261 1

457 2202 571 2266 illa
616 2205 752 2266 tam
796 2203 1005 2266 multa
1049 2203 1250 2285 possit
1296 2202 1641 2283 effingere?
3153 2264 3173 2862 Ι

600 2395 755 2466 Kap.
796 2397 900 2455 25.
981 2409 1063 2451 60.
1113 2397 1314 2464 spectat
1362 2394 1627 2464 oratiOJ,
1633 2394 1786 2462 ,zielt
1833 2394 1919 2449 die
1956 2395 2379 2465 Ausfiihrung“;
2431 2394 2617 2452 Cicero
2665 2396 2777 2451 will
2823 2398 2922 2453 da-

456 2486 626 2539 durch
664 2486 820 2539 einen
857 2484 1319 2553 Zusammenhang
1354 2483 1449 2537 des
1485 2484 1976 2553 Vorausgehenden
2013 2484 2111 2538 mit
2144 2485 2241 2537 der
2266 2486 2436 2554 Frage
2473 2486 2569 2539 der
2592 2485 2920 2554 Disposition

453 2573 763 2628 herstellen.
817 2606 884 2614 -
945 2573 1092 2639 Quae
1129 2614 1141 2627 .
1166 2614 1211 2626 ..
1251 2573 1659 2641 intelleyendum
1709 2577 1800 2643 (36.
1848 2575 1977 2642 6336)
2018 2575 2174 2643 pato]
2228 2573 2399 2642 „Nun
2447 2574 2536 2628 ich
2585 2575 2776 2628 dachte
2792 2616 2805 2643 ,
2858 2593 2922 2631 es

456 2664 654 2718 miil'ste
702 2664 818 2717 klar
864 2664 1109 2731 werden,
1157 2662 1388 2716 welches
1427 2702 1439 2715 .
1463 2703 1474 2715 .
1499 2665 1574 2715 .11.
1633 2694 1694 2702 -
1741 2663 1870 2716 Non
1917 2668 1995 2717 est
2038 2680 2136 2717 nec
2173 2704 2185 2716 .
2208 2704 2256 2716 ..
2294 2680 2391 2717 nec
2429 2703 2476 2716 ..
2499 2665 2534 2734 .]
2592 2663 2922 2734 Gliederung

454 2752 593 2806 nach
621 2752 719 2806 der
745 2751 1174 2821 Hauptnegation
1201 2752 1302 2805 wie
1332 2756 1428 2807 οὐκ
1455 2755 1609 2808 ἔστιν
1638 2757 1759 2807 οὔτε
1789 2796 1799 2807 .
1822 2796 1833 2807 .
1856 2796 1867 2807 .
1899 2758 2053 2808 οὔτεε
2093 2753 2171 2807 316
2197 2753 2270 2806 ist
2296 2752 2446 2806 nicht
2474 2752 2629 2822 eigen
2657 2754 2779 2807 dem
2809 2794 2821 2806 .
2846 2796 2858 2807 .
2883 2794 2917 2823 .,

454 2841 606 2895 nicht
641 2884 653 2896 .
678 2883 689 2896 .
714 2883 724 2895 .
763 2842 926 2896 nicht.
967 2872 1035 2881 —
1071 2847 1132 2895 ut
1168 2842 1320 2911 istos]
1359 2841 1534 2895 Unter
1568 2841 1682 2908 isti,
1721 2841 1911 2895 dessen
1947 2841 2258 2910 Beziehung
2292 2842 2444 2895 nicht
2477 2841 2654 2895 sicher
2675 2842 2916 2911 gegeben

452 2930 549 2999 ist,
601 2932 720 2985 sind
757 2932 844 2986 die
882 2930 1241 2998 Philosophen
1288 2947 1355 2984 zu
1391 2930 1679 2983 verstehen
1695 2970 1708 2996 ,
1758 2930 1844 2983 die
1891 2930 2009 2983 eine
2055 2930 2359 2983 bestimmte
2394 2930 2622 2984 Ansicht
2657 2931 2793 2984 iiber
2826 2931 2918 2985 die

453 3020 608 3075 Seele
639 3020 1012 3088 aussprechen,
1051 3018 1151 3073 wie
1179 3019 1266 3073 die
1295 3018 1516 3073 Stoiker.
1546 3049 1615 3057 —-
1652 3018 1709 3071 si
1736 3059 1746 3070 .
1771 3059 1782 3070 .
1806 3059 1817 3070 .
1847 3019 2148 3086 adfirmare
2166 3019 2403 3088 possem]
2436 3018 2515 3072 als
2541 3019 2916 3088 Akademiker,

453 3127 495 3163 3.
534 3109 841 3177 Einleitung
867 3108 920 3163 S.
952 3110 1000 3163 7.
1039 3139 1107 3148 —
1144 3108 1412 3176 iurarem]
1453 3106 1585 3174 „ich
1610 3107 1797 3160 wiirde
1825 3107 2017 3160 darauf
2043 3106 2383 3161 3611πὸ161111.
2415 3139 2480 3148 —
2528 3107 2675 3173 Quid
2698 3108 2849 3162 enim
2863 3107 2915 3179 3}

451 3198 549 3252 Ich
585 3197 849 3266 behaupte
886 3198 979 3251 das
1015 3197 1114 3250 mit
1139 3196 1328 3264 Recht,
1366 3195 1511 3249 denn
1538 3212 1648 3250 was
1674 3195 1799 3250 laist
1825 3195 1940 3249 sich
1966 3197 2202 3266 dagegen
2229 3197 2589 3265 vorbringen?
2650 3198 2915 3265 „Warum

453 3288 598 3341 denn
646 3286 837 3339 nicht?
893 3303 1096 3340 warum
1141 3285 1279 3339 auch
1324 3284 1558 3338 nieht?“
1633 3285 1753 3354 Vgl.
1805 3286 1934 3340 Hor.
1974 3288 2070 3340 sat.
2122 3285 2177 3352 I,
2217 3287 2312 3353 1,7
2328 3304 2341 3339 t
2392 3285 2675 3354 „Militiast
2722 3285 2915 3353 potior.

453 3376 592 3443 Quid
642 3376 824 3429 enim?
897 3375 1244 3430 concurritur
1259 3375 1307 3426 “.
1363 3404 1435 3413 —
1488 3374 1697 3428 obsecro
1744 3376 1810 3442 te]
1863 3376 2000 3427 etwa
2046 3373 2174 3440 „bei
2212 3373 2408 3441 Gott“;
2464 3371 2643 3426 solche
2681 3373 2913 3427 Verbal-

450 3466 785 3533 wendungen
820 3463 923 3518 wie
960 3479 1124 3517 unser
1159 3463 1291 3532 „ich
1327 3463 1457 3517 bitte
1494 3461 1663 3516 dich“
1700 3463 1839 3515 auch
1874 3461 1946 3513 im
1972 3460 2348 3515 Lateinischen
2385 3462 2464 3515 oft
2500 3460 2913 3532 eingesehoben,

451 3571 510 3610 so
539 3555 595 3608 in
614 3554 835 3609 Briefen
861 3553 956 3607 das
979 3553 1305 3607 beteuernde
1332 3551 1569 3619 „amabo
1598 3555 1703 3605 te“.
1745 3582 1813 3590 -—
1850 3552 2085 3619 terrane]
2125 3550 2223 3602 mit
2255 3555 2379 3603 sata
2408 3567 2474 3604 zu
2498 3550 2806 3605 verbinden.
2838 3583 2909 3591 -—-

451 3645 549 3698 hoc
588 3685 600 3697 .
623 3684 670 3699 ..
708 3644 872 3712 caelo]
911 3642 1041 3711 „bei
1078 3641 1221 3711 (mit,
1272 3640 1348 3709 in)
1386 3641 1561 3694 dieser
1599 3682 1612 3694 .
1635 3680 1647 3693 .
1670 3680 1682 3693 .
1719 3639 2116 3707 Atmosphare“
2165 3639 2498 3708 (Lufthiille).
2551 3670 2616 3679 —
2665 3639 2801 3709 quid
2832 3641 2914 3695 sit

451 3733 569 3801 hoc]
606 3732 704 3785 hoc
739 3732 1089 3785 unbestimmt
1125 3731 1218 3784 auf
1243 3729 1327 3783 vis
1353 3729 1663 3782 memoriae.
1703 3760 1771 3768 -—
1816 3729 1952 3797 quid
1969 3769 1980 3781 .
2005 3769 2016 3781 .
2040 3769 2052 3781 .
2073 3729 2230 3797 quale
2249 3768 2261 3781 .
2284 3769 2295 3781 .
2319 3769 2330 3781 .
2352 3730 2638 3798 quamtum]
2670 3728 2909 3796 „Wesen

455 3863 468 3875 .
492 3863 503 3874 .
527 3860 538 3873 .
577 3819 1018 3874 Beschafienheit
1053 3818 1505 3889 (Eigenschaften)
1544 3858 1556 3870 .
1579 3857 1591 3869 .
1616 3856 1627 3869 .
1668 3816 2013 3885 Wiehtigkeit
2049 3817 2463 3886 (Bedeutung)“.

598 3923 680 3964 61.
719 3908 1096 3978 capacitatem]
1141 3907 1538 3975 „Hohlraum“.
1579 3937 1648 3946 —
1684 3905 1913 3975 fundus]
1945 3906 2234 3974 „Boden“.
2265 3938 2333 3945 —
2361 3905 2626 3975 imprimi
2655 3948 2667 3960 .
2691 3946 2702 3959 .
2726 3946 2737 3959 .
2776 3907 2909 3960 ani-

449 4000 626 4069 mum]
683 3998 813 4067 „die
868 3997 1021 4052 Seele
1078 3996 1274 4051 erleide
1327 3995 1628 4051 Eindriicke
1640 3997 1672 4026 11
1689 4037 1703 4064 ,
1752 3995 1857 4063 vgl.
1906 3994 2124 4066 impelli
2174 3996 2490 4065 „geworfen
2543 3994 2911 4064 (geschlagen)

449 4088 668 4142 werden
679 4091 727 4140 11.
802 4086 902 4141 Ein
939 4084 1270 4154 Streitpunkt
1317 4085 1413 4139 der
1461 4084 1730 4138 stoischen
1766 4084 2144 4154 Psychologie3
2196 4083 2460 4153 Chrysipp
2506 4083 2784 4152 widerlegt
2818 4083 2910 4138 die

449 4176 731 4232 Annahme
780 4175 875 4230 des
923 4174 1216 4229 Kleanthes
1232 4214 1246 4241 ,
1301 4173 1418 4228 dass
1469 4172 1772 4227 Eindriicke
1825 4173 1926 4227 wie
1982 4174 2076 4227 auf
2127 4174 2226 4227 der
2272 4171 2609 4227 Wachstafel
2657 4171 2913 4241 gemacht

449 4266 681 4319 werden.
731 4297 801 4305 —
847 4264 1121 4318 immensa
1154 4262 1495 4332 maynitudo]
1548 4262 2005 4330 „unermessliche
2041 4261 2299 4317 Flache“.
2342 4293 2407 4302 —
2454 4267 2570 4316 tam
2605 4261 2782 4326 multa
2820 4300 2867 4313 ..
2892 4302 2908 4313 .

449 4354 723 4424 effinyere]
765 4369 867 4421 „so
902 4352 1070 4407 violes
1107 4352 1424 4407 abzubilden
1435 4354 1467 4381 11
1505 4351 1558 4420 („
1570 4367 1666 4405 aus
1702 4351 1817 4406 sich
1853 4352 2285 4407 herausarbeiten
2296 4352 2366 4420 11).
