3221 4850
48 1552 58 1611 η·
48 1464 60 1506 .-
48 1355 58 1398 -'-
48 1244 59 1287 -Ι
48 1137 59 1179 —
48 1028 58 1070 -t

48 2144 57 2178 —
48 2051 56 2089 -η
48 1965 56 1999 -
48 1874 56 1910 —
48 1785 58 1817 -1-

1295 273 1409 327 Lib.
1446 273 1519 340 Π,
1558 288 1602 326 0.
1644 275 1800 328 1-2.
2592 311 2599 315 -
2674 269 2774 331 117

297 435 554 501 auxilia
598 456 643 498 a
697 436 1089 519 reliquorum
1146 435 1663 520 philosophorum
1719 434 2083 519 disciplinis.
2172 434 2306 499 Nos
2363 436 2582 500 autem
2636 434 2777 499 uni-
2795 436 2838 498 2

300 561 539 607 versae
586 542 1018 632 philosophiae
1064 541 1601 626 vituperatoribus
1646 541 2089 626 respondimus
2135 541 2202 605 in
2247 540 2587 605 Hortensio
2603 589 2619 618 ‚
2664 559 2777 624 pro

303 648 663 714 Academia
709 651 927 715 autem
959 666 1121 731 quae
1153 647 1420 713 dicenda
1459 651 1691 726 essent,
1738 649 1899 713 satis
1945 649 2240 713 accurate
2285 647 2352 711 in
2383 647 2777 713 Academicis

309 757 626 837 quattuor
670 755 848 821 libris
897 756 1210 839 explicata
1256 755 1678 830 arbitramur3
1727 755 1840 820 sed
1886 757 2106 819 tamen
2151 756 2410 819 tantum
2458 756 2657 832 abest,
2703 757 2780 818 ut

310 862 509 926 scribi
555 864 775 927 contra
821 880 935 926 nos
981 862 1276 939 nolimus,
1323 863 1398 925 ut
1441 861 1507 926 id
1554 862 1748 926 etiam
1793 862 2068 927 maxime
2116 863 2428 944 optemus.
2516 860 2595 924 In
2640 861 2780 944 ipsa

311 968 489 1032 enim
539 968 806 1034 Graecia
850 968 1247 1053 philosophia
1301 970 1484 1033 tanto
1538 969 1606 1032 in
1660 968 1896 1034 honore
1943 985 2300 1050 numquam
2344 967 2597 1045 fuisset,
2654 967 2781 1032 nisi

314 1075 832 1140 doctissimorum
879 1076 1385 1141 contentionibus
1433 1076 2058 1158 dissensionibusque
2104 1074 2430 1157 viguisset.

501 1180 710 1260 Quam
756 1184 835 1247 ob
879 1202 1019 1248 rem
1063 1183 1283 1247 hortor
1329 1201 1567 1261 omnes,
1615 1182 1727 1265 qui
1771 1182 1977 1248 facere
2023 1182 2089 1246 id
2135 1186 2420 1265 possunt,
2466 1182 2542 1244 ut
2586 1180 2778 1245 huius
2806 1200 2830 1239 ⁵

320 1307 572 1371 quoque
620 1289 868 1371 generis
915 1288 1174 1354 laudem
1219 1289 1349 1353 iam
1396 1272 1727 1371 languenti
1775 1288 2078 1353 Graeciae
2127 1287 2397 1371 eripiant
2451 1288 2517 1352 et
2572 1288 2784 1351 trans-

319 1394 530 1459 ferant
583 1395 651 1459 in
704 1396 871 1460 hanc
915 1396 1167 1473 urbem,
1229 1396 1398 1460 sicut
1442 1396 1723 1478 reliquas
1771 1413 2017 1472 omnes,
2079 1412 2241 1476 quae
2290 1393 2548 1477 quidem
2596 1396 2783 1458 erant

322 1502 737 1585 expetendae,
798 1501 1009 1566 studio
1056 1504 1251 1585 atque
1298 1501 1616 1566 industria
1673 1521 1793 1566 sua
1850 1501 2119 1566 maiores
2177 1501 2379 1565 nostri
2433 1501 2781 1565 transtule-

319 1610 490 1673 runt.
577 1611 789 1690 Atque
836 1611 1159 1673 oratorum
1208 1609 1468 1691 quidem
1513 1610 1656 1673 laus
1702 1609 1795 1672 ita
1840 1608 2035 1673 ducta
2080 1608 2159 1672 ab
2205 1608 2434 1672 humili
2478 1608 2654 1672 venit
2700 1607 2782 1671 ad

321 1734 675 1793 summum,
733 1718 810 1779 ut
850 1715 980 1780 iam
997 1764 1012 1794 ‚
1074 1716 1243 1798 quod
1297 1717 1531 1780 natura
1585 1715 1713 1780 fert
1766 1715 1834 1779 in
1881 1714 2174 1779 omnibus
2220 1714 2351 1779 fere
2406 1714 2629 1790 rebus,
2684 1732 2785 1778 se-

320 1826 541 1886 nescat
585 1822 885 1904 brevique
929 1824 1215 1907 tempore
1262 1823 1343 1886 ad
1389 1823 1663 1886 nihilum
1708 1824 1980 1886 ventura
2024 1821 2340 1899 videatur,
2385 1821 2782 1905 philosophia

326 1956 744 1964 --ψ-κψ-ῲ-

321 2032 488 2085 demie
503 2074 517 2098 ‚
566 2050 734 2100 gegen
771 2034 962 2087 welche
999 2034 1084 2088 die
1118 2033 1306 2101 Menge
1344 2049 1440 2087 von
1479 2034 1578 2087 den
1617 2033 1938 2104 Epikureern
1983 2032 2271 2101 ausgereizt
2317 2034 2409 2087 ist.
2462 2062 2530 2071 —
2575 2049 2782 2101 magna

447 2122 693 2191 auxilia]
733 2164 764 2189 „
780 2122 1009 2190 kraitige
1043 2122 1535 2190 Unterstiitzung“.
1588 2152 1656 2160 -—
1707 2121 2048 2191 disciplinis]
2102 2120 2434 2189 ,‚Schulen“,
2486 2121 2581 2175 wie
2632 2124 2783 2175 sonet

320 2215 514 2279 sectae,
551 2210 823 2275 familiae.

464 2334 618 2403 Kap.
657 2335 716 2393 2.
791 2336 856 2391 in
891 2336 1212 2404 Hortensio]
1251 2336 1401 2390 Nach
1439 2337 1632 2390 seinem
1661 2336 1872 2404 grossen
1903 2334 2274 2390 Nebenbuhler
2300 2335 2394 2388 auf
2416 2335 2535 2387 dem
2563 2332 2781 2389 Gebiete

322 2424 415 2478 der
450 2424 844 2480 Beredsamkeit
881 2423 942 2492 Q.
980 2424 1297 2481 Hortensius
1334 2425 1593 2481 Hortalus
1629 2427 1720 2494 (69
1757 2445 1804 2480 v,
1835 2424 1956 2481 Chr.
1995 2424 2214 2492 Konsul,
2253 2428 2284 2491 †
2312 2424 2420 2491 50),
2458 2423 2576 2478 dem
2604 2422 2783 2480 Cicero

321 2515 389 2571 im
413 2515 699 2581 „Brutus“
719 2517 870 2569 einen
888 2515 1151 2570 ehrenden
1172 2515 1413 2570 Nachruf
1434 2515 1662 2582 widmet,
1693 2515 1907 2569 betitelt
1925 2531 1982 2568 er
2009 2515 2092 2568 die
2120 2514 2270 2568 nicht
2295 2513 2566 2567 erhaltene
2593 2511 2786 2567 Streit·

321 2603 523 2658 schrift.
597 2604 917 2658 Hortensius
953 2606 1170 2659 vertritt
1204 2606 1260 2659 in
1296 2606 1383 2658 ihr
1420 2605 1503 2658 die
1531 2605 1773 2671 Ansicht,
1812 2602 1928 2657 dass
1966 2604 2050 2656 die
2078 2602 2410 2673 Philosophie
2440 2601 2648 2655 wertlos
2675 2601 2785 2669 sei;

321 2690 499 2767 Cicero
535 2692 737 2746 fordert
773 2711 837 2746 zu
871 2693 1038 2747 ihrem
1076 2693 1323 2747 Studium
1358 2693 1763 2747 nachdriicklich
1800 2694 1894 2746 auf
1923 2693 2024 2759 (De
2061 2692 2163 2746 div,
2202 2690 2276 2757 ΙΙ,
2314 2691 2384 2756 1).
2428 2720 2488 2727 -
2530 2692 2595 2744 in
2634 2691 2787 2746 Aca-

323 2779 571 2849 demicis]
609 2781 707 2834 Die
747 2781 1146 2847 „Akademica“
1184 2784 1276 2849 (τὰ
1319 2780 1685 2855 Ἀκαδημικά)
1727 2782 1880 2835 hatte
1917 2780 2096 2837 Cicero
2133 2780 2503 2850 urspriinglich
2551 2780 2605 2833 in
2658 2781 2787 2834 zwei„

320 2868 560 2923 Biichern
596 2870 832 2936 versaret,
870 2870 1010 2924 dann
1048 2888 1111 2924 zu
1151 2871 1258 2924 vier
1293 2870 1535 2923 Biichern
1571 2870 1969 2938 umgearbeitet.
2043 2869 2157 2923 Von
2197 2869 2290 2922 der
2326 2872 2502 2921 ersten
2538 2868 2784 2922 Bearbei·

322 2962 457 3026 tung
491 2959 604 3025 (Ac.
643 2959 837 3030 priora)
873 2961 950 3013 ist
986 2976 1087 3012 uns
1123 2959 1273 3013 Bueh
1308 2960 1361 3025 2,
1399 2976 1497 3013 von
1535 2959 1629 3012 der
1666 2959 1881 3011 zweiten
1918 2960 2031 3025 (Ac.
2070 2958 2381 3028 posteriora)
2416 2958 2500 3010 ein
2538 2957 2651 3011 Teil
2687 2957 2785 3012 des

320 3049 495 3100 ersten
533 3047 786 3102 erhaltaen.
827 3078 895 3088 --
932 3049 1045 3104 nisi
1082 3090 1095 3103 .
1119 3090 1130 3103 .
1156 3089 1168 3102 .
1205 3048 1487 3119 viguisset]
1529 3064 1711 3114 „wenn
1740 3048 1815 3101 sie
1843 3047 1992 3101 nicht
2019 3063 2115 3101 aus
2143 3046 2259 3100 dem
2289 3045 2643 3100 Wettbewerb
2672 3045 2780 3099 und

324 3133 662 3188 Widerstreit
696 3138 815 3202 (aus
851 3136 945 3189 der
981 3136 1322 3190 Konkurrenz
1360 3137 1469 3190 und
1505 3136 1760 3202 Polemik)
1797 3136 1891 3189 der
1942 3136 2125 3189 besten
2176 3134 2342 3204 Kfipfe
2392 3136 2577 3189 immer
2620 3151 2785 3189 neues

319 3222 491 3276 Leben
527 3224 800 3294 geschbpft
835 3225 987 3279 hatte
1001 3226 1063 3292 “3
1104 3227 1206 3294 vgl.
1246 3226 1290 3292 1,
1328 3226 1398 3279 57
1436 3226 1500 3278 in
1534 3241 1718 3279 rerum
1755 3225 2066 3294 coynitione
2102 3225 2375 3294 viguisset.

468 3325 512 3366 5.
568 3311 751 3377 facere
795 3314 861 3368 id
901 3314 1162 3383 possunt]
1212 3313 1531 3368 namentlich
1577 3313 1742 3367 durch
1793 3314 1877 3367 die
1924 3313 2102 3380 notige
2151 3312 2671 3381 Darstellungsgabe.
2711 3341 2780 3351 --

323 3400 637 3470 lanquenti]
676 3401 836 3468 „dem
871 3402 1279 3456 erschlaffenden
1315 3401 1686 3470 (dekadenten)
1700 3404 1751 3469 “‚
1779 3403 1971 3470 infolge
2001 3402 2092 3455 des
2119 3402 2291 3456 hohen
2317 3403 2496 3455 Alters
2534 3402 2659 3456 oder
2688 3402 2784 3456 der

320 3488 510 3556 langen
538 3488 1135 3559 Kulturentwickelung,
1174 3508 1217 3545 s.
1248 3490 1291 3558 1,
1320 3492 1371 3545 3.
1413 3520 1477 3529 —
1515 3491 1687 3545 huius
1716 3531 1728 3544 .
1753 3532 1765 3545 .
1787 3531 1800 3544 .
1824 3490 2042 3560 generis
2080 3489 2320 3559 laudem]
2360 3489 2581 3558 „Ruhm
2611 3490 2784 3544 dieser

320 3576 439 3644 Art,
479 3577 654 3630 diesen
690 3577 931 3646 Ruhm“,
983 3579 1203 3646 „Ruhm
1240 3579 1333 3633 auf
1364 3580 1557 3633 diesem
1595 3578 1874 3634 Gebiete“.
1924 3609 1988 3618 —
2042 3595 2184 3647 quae
2222 3579 2442 3648 quidem
2478 3585 2638 3633 erant
2687 3595 2778 3634 ex-

310 3665 607 3735 petendae]
647 3667 741 3720 wie
777 3666 821 3733 1,
861 3669 890 3720 1
931 3683 1071 3736 quae
1107 3667 1328 3736 quidem
1365 3668 1538 3738 digna
1575 3669 1933 3736 statuissent,
1971 3669 2036 3722 in
2072 3667 2273 3737 quibus
2309 3669 2669 3723 elaborarent.
2713 3696 2777 3706 —

321 3756 754 3823 transtulerunt]
782 3755 935 3809 Auch
964 3756 1299 3825 wegwerfend
1326 3757 1456 3810 wird
1482 3774 1583 3811 von
1612 3757 1712 3811 den
1741 3764 1887 3812 artes
1916 3758 2325 3812 transmarinae
2350 3759 2687 3828 gesproehon.
2709 3786 2775 3796 —-

318 3844 428 3911 ita]
465 3844 694 3897 namlich
730 3846 815 3899 ita
851 3846 1142 3900 translata.
1183 3875 1243 3884 —
1288 3845 1461 3900 ducta
1497 3847 1568 3901 ab
1606 3847 1807 3901 humili
1840 3845 1990 3902 venit
2025 3845 2103 3900 ad
2140 3847 2430 3915 summum]
2481 3845 2607 3900 Zum
2626 3846 2778 3900 Bilde

322 3931 423 3998 vgl.
457 3932 536 3985 De
565 3949 672 3987 sen.
701 3934 732 4001 ἐ
760 3934 855 3988 52:
896 3933 1086 4001 ‚,Vitis‚
1124 3952 1256 4005 quae
1282 3939 1475 3989 natura
1501 3936 1698 3989 caduca
1722 3940 1807 3989 est
1834 3939 1909 4002 et,
1945 3935 2048 3989 nisi
2075 3935 2212 3988 fulta
2236 3937 2518 4003 (gestiitzt)
2545 3937 2645 4001 est,
2682 3935 2778 3988 fer·

320 4025 411 4073 tur
445 4021 727 4087 (hinsinkt)
762 4022 830 4075 ad
866 4025 1077 4091 terram,
1115 4023 1296 4077 eadem
1312 4066 1325 4091 ,
1364 4031 1427 4078 ut
1462 4041 1518 4078 se
1554 4026 1752 4093 erigat,
1792 4066 1805 4079 .
1827 4065 1840 4079 .
1863 4067 1875 4080 .
1915 4024 2163 4095 quicquid
2199 4027 2284 4077 est
2319 4028 2490 4090 nacta,
2529 4023 2777 4093 complec-

320 4110 507 4163 titur.“
584 4109 788 4163 Neutra
825 4127 924 4165 von
960 4111 1081 4181 Adj.
1121 4113 1221 4166 mit
1255 4113 1655 4184 Prapositionen
1692 4114 1850 4168 meist
1897 4114 1979 4167 bei
2030 4113 2351 4167 raumlichen
2388 4111 2667 4180 Begriffen.
2706 4139 2775 4150 -—

316 4204 605 4253 oratorum
643 4238 656 4251 .
679 4239 725 4252 ..
768 4199 893 4255 laus
929 4241 941 4254 .
963 4242 975 4254 .
999 4241 1011 4255 .
1048 4202 1316 4270 senescat]
1364 4203 1503 4270 „der
1538 4203 1762 4258 Lorbeer
1807 4203 1900 4258 der
1935 4202 2243 4257 Redekunst
2280 4243 2292 4255 .
2315 4242 2328 4255 .
2351 4242 2364 4255 .
2403 4200 2632 4266 welkt3“;
2669 4201 2773 4268 vgl.

315 4286 396 4341 De
433 4305 541 4341 sen.
599 4288 629 4356 §
666 4289 766 4342 28:
825 4330 855 4356 ,‚
872 4292 1051 4343 orator
1085 4294 1264 4344 metuo
1299 4308 1365 4344 ne
1400 4292 1710 4361 languescat
1745 4291 2066 4348 senectute.“
2120 4318 2186 4327 —
2237 4289 2316 4344 ad
2362 4288 2604 4343 nihilwm
2651 4305 2775 4344 ven-
