3221 4850
305 1390 393 1452 40

408 279 483 342 92
1204 280 1621 336 Tusculanarum
1657 279 2069 349 disputationum

412 446 751 509 senectus?
786 442 912 508 Sed
938 444 1087 525 quia
1117 444 1291 508 ultra
1318 444 1480 507 nihil
1502 444 1832 521 habemus,
1862 442 1983 508 hoc
2012 443 2276 525 longum
2296 441 2584 507 dicimus.
2635 440 2876 507 Omnia

410 552 555 629 ista,
597 550 858 634 perinde
905 552 981 614 ut
1011 551 1240 633 cuique
1288 551 1441 615 data
1487 552 1642 615 sunt
1670 569 1783 633 pro
1829 555 1974 614 rata
2017 551 2219 633 parte,
2261 548 2356 613 ita
2385 550 2501 614 aut
2530 550 2722 632 longa
2752 551 2876 613 aut

410 658 627 723 brevia
673 657 990 722 dicuntur.
1080 656 1268 740 Apud
1313 656 1639 741 Hypanim
1682 655 1955 721 fiuvium
1971 704 1987 734 ,
2048 656 2158 738 qui
2219 656 2299 720 ab
2344 656 2637 739 Europae
2683 657 2872 739 parte

411 765 478 829 in
522 764 805 829 Pontum
849 762 1093 841 influit,
1152 763 1527 828 Aristoteles
1590 763 1683 827 ait
1726 762 2028 827 bestiolas
2077 760 2390 845 quasdam
2433 763 2641 839 nasci,
2702 781 2873 844 quae

411 891 615 937 unum
659 871 829 936 diem
892 870 1127 935 vivant.
1217 870 1312 933 Ex
1373 869 1473 934 his
1519 870 1718 952 igitur
1762 870 1920 934 hora
1965 870 2190 934 octava
2238 887 2401 952 quae
2447 870 2704 933 mortua
2749 871 2872 947 est,

410 979 708 1062 provecta
755 979 965 1042 aetate
1012 978 1267 1041 mortua
1312 978 1445 1051 est3
1510 994 1674 1058 quae
1721 994 1868 1040 vero
1916 976 2240 1041 occidente
2302 976 2434 1040 sole
2452 1024 2468 1054 ,
2527 975 2871 1059 decrepita,

413 1104 485 1150 eo
542 1084 748 1166 magis
765 1131 783 1160 ,
841 1083 897 1148 si
957 1083 1154 1148 etiam
1212 1082 1532 1147 solstitiali
1578 1081 1698 1146 die.
1790 1081 2020 1148 Confer
2082 1084 2371 1147 nostram
2424 1082 2870 1164 longissimam

413 1193 693 1257 aetatem
750 1209 899 1256 cum
958 1189 1367 1264 aeternitate3
1425 1189 1493 1253 in
1552 1188 1779 1254 eadem
1824 1188 2284 1273 propemodum
2329 1189 2641 1254 brevitate
2657 1237 2673 1267 ,
2734 1206 2865 1270 qua

411 1299 560 1363 illae
605 1297 929 1374 bestiolae,
974 1296 1382 1380 reperiemur.

592 1403 1094 1470 Contemnamus
1138 1402 1335 1484 igitur
1380 1421 1600 1468 omnes
1647 1403 1920 1486 ineptias
1982 1402 2180 1486 (quod
2241 1402 2411 1467 enim
2467 1402 2670 1467 levius
2714 1401 2873 1466 huic

329 1476 663 1577 ⁹'‘levitati
719 1529 952 1576 nomen
1009 1510 1335 1593 imponam
1350 1509 1408 1594 Ρ)
1466 1510 1802 1592 totamque
1864 1510 1994 1574 vim
2038 1510 2198 1575 bene
2245 1509 2500 1574 vivendi
2557 1509 2624 1573 in
2672 1508 2869 1574 animi

413 1619 633 1684 robore
704 1637 777 1684 ac
846 1616 1284 1699 magnitudine
1355 1619 1421 1682 et
1480 1617 1547 1681 in
1606 1617 1893 1681 omnium
1955 1635 2173 1682 rerum
2231 1617 2664 1681 humanarum
2724 1633 2882 1681 con-

417 1724 761 1807 temptione
810 1742 885 1788 ac
916 1723 1327 1807 despicientia
1373 1726 1439 1788 et
1480 1724 1548 1788 in
1594 1724 1768 1788 omni
1812 1724 2048 1789 virtute
2093 1742 2424 1807 ponamus.
2497 1722 2669 1787 Nam
2698 1739 2883 1786 nunc

417 1831 675 1914 quidem
721 1830 1206 1913 cogitationibus
1253 1831 1646 1896 mollissimis
1694 1829 2138 1896 effeminamur
2153 1879 2169 1907 ,
2229 1832 2335 1907 ut,
2396 1830 2453 1895 si
2498 1832 2646 1894 ante
2693 1847 2877 1894 mors

416 1938 750 2014 adventet,
810 1955 1005 2019 quam
1052 1936 1519 2003 Chaldaeorum
1566 1938 1884 2021 promissa
1929 1938 2251 2003 consecuti
2299 1955 2551 2016 sumus,
2611 1935 2871 2019 spoliati

423 2203 627 2259 Onmia
662 2203 776 2256 ista
813 2243 825 2255 .
849 2243 861 2255 .
884 2242 896 2255 .
933 2201 1215 2272 dieantur]
1255 2200 1392 2270 „All
1427 2202 1521 2256 das
1569 2202 1795 2257 heisst“.
1852 2234 1921 2242 —
1977 2202 2284 2272 Hypanim]
2332 2201 2478 2270 Bug,
2528 2201 2628 2255 der
2672 2201 2877 2253 unsern

415 2293 511 2346 des
556 2291 765 2359 Dnjepr
801 2290 1204 2359 (Borysthenes)
1253 2290 1338 2344 ins
1375 2289 1656 2345 Schwarze
1692 2291 1843 2346 Meer
1887 2291 2126 2345 miindet.
2178 2322 2246 2330 ——
2295 2291 2364 2345 ab
2401 2290 2656 2359 Ewropae
2691 2289 2877 2359 parte}

417 2381 710 2452 Gegensatz
750 2396 817 2434 zu
853 2379 958 2433 den
996 2378 1316 2434 asiatischen
1353 2378 1659 2435 Zufliissen.
1717 2411 1786 2420 --
1844 2380 2176 2451 Aristoteles]
2214 2382 2384 2435 nennt
2419 2379 2476 2432 in
2513 2378 2692 2434 0011101·
2725 2378 2874 2433 'Pier-

412 2469 718 2541 geschichte
756 2470 843 2538 (V,
885 2469 971 2538 19)
1008 2469 1154 2523 diese
1190 2469 1449 2523 'Pierchen
1485 2474 1750 2545 ἐφήμερα.
1825 2470 2009 2526 Cicero
2045 2471 2188 2525 muts
2224 2470 2310 2524 die
2338 2469 2556 2538 Angabe
2593 2468 2744 2522 nieht
2770 2484 2874 2521 un-

414 2559 683 2612 mittelbar
728 2574 823 2612 aus
868 2559 965 2611 der
1000 2556 1204 2612 Schrift
1238 2559 1334 2613 des
1369 2558 1684 2613 Aristoteles
1728 2558 1919 2613 haben.
1978 2590 2046 2599 —
2100 2559 2293 2629 nasci]
2343 2598 2376 2627 „
2393 2575 2490 2612 zur
2524 2557 2675 2612 Welt
2722 2556 2876 2610 kom-

414 2665 539 2703 men
553 2650 602 2703 “.
643 2679 709 2688 -—
745 2648 882 2702 hora
917 2649 1123 2717 octava]
1163 2648 1264 2701 Die
1301 2648 1417 2702 Zeit
1451 2664 1575 2701 vom
1612 2648 1819 2718 Beginn
1855 2649 1952 2703 des
1986 2650 2152 2718 Tages
2189 2651 2334 2718 (vom
2360 2646 2600 2716 Morgen)
2639 2645 2720 2700 bis
2747 2661 2878 2699 211111

414 2738 927 2807 Sonnenuntergang
961 2753 1076 2791 war
1109 2737 1167 2789 in
1204 2739 1273 2793 12
1309 2737 1517 2806 gleiohe
1552 2737 1697 2792 'Peile
1733 2737 1944 2807 geteilt3
1982 2737 2069 2791 die
2106 2737 2284 2792 Nacht
2317 2736 2376 2789 in
2412 2737 2488 2807 (4)
2524 2736 2762 2805 viqiliae.
2801 2764 2874 2773 —

406 2832 658 2897 proveeta
691 2827 879 2896 aetate]
930 2826 1033 2879 wie
1068 2826 1231 2880 navis
1269 2827 1356 2895 (in
1390 2827 1586 2895 altum)
1617 2831 1869 2897 provecta
1902 2832 1992 2894 est,
2046 2842 2104 2881 so
2143 2826 2282 2880 auch
2315 2830 2464 2879 aetas
2500 2843 2553 2878 11.
2593 2829 2639 2879 a.
2679 2853 2747 2863 -—
2783 2822 2876 2876 de—

413 2917 639 2986 crepita]
697 2915 1051 2984 „abgelebt“.
1109 2947 1176 2956 —
1240 2921 1490 2970 nostram
1537 2956 1549 2968 .
1573 2957 1584 2968 .
1612 2958 1623 2970 .
1672 2917 1919 2986 αειαίεφη]
1977 2916 2114 2983 ,,(100
2168 2915 2323 2969 Alter
2375 2930 2481 2968 von
2537 2914 2711 2967 einem
2767 2927 2879 2965 von

413 3007 574 3060 uns“.
613 3035 683 3044 —
719 3005 787 3058 in
819 3005 1005 3058 eadem
1163 3005 1434 3074 brevitate]
1473 3010 1625 3067 ὄντες
1661 3005 1791 3058 oder
1817 3005 1906 3058 ein
1931 3004 2265 3058 verwandtes
2287 3002 2523 3072 Partizip
2552 3019 2620 3055 zu
2646 2999 2877 3055 denken.

555 3146 709 3214 Καρ.
740 3146 843 3204 40.
922 3159 1004 3200 9⁵.
1042 3145 1302 3216 ineptias]
1342 3148 1480 3201 etwa
1515 3146 1940 3215 ,‚Albernheit“.
1981 3178 2047 3187 -
2085 3147 2229 3216 quod
2265 3187 2277 3199 .
2300 3187 2311 3199 .
2334 3187 2346 3199 .
2386 3145 2556 3199 levius
2581 3144 2713 3199 huie
2741 3143 2874 3197 Ievi-

414 3234 520 3289 tati
570 3251 770 3288 nomen
822 3233 1129 3304 imponam]
1186 3234 1472 3305 „welchen
1527 3236 1907 3291 schwacheren
1954 3236 2237 3290 Ausdruek
2290 3233 2389 3289 soll
2442 3233 2532 3288 ioh
2583 3234 2677 3287 fiir
2724 3232 2875 3287 diese

414 3323 705 3379 Schwache
741 3322 1080 3392 gebrauchen
1096 3326 1157 3391 “3
1213 3324 1308 3377 das
1345 3324 1638 3394 Wortspiel
1688 3325 1746 3377 in
1781 3325 1879 3380 der
1912 3314 2285 3394 Ubersetzung
2319 3323 2471 3377 nieht
2504 3321 2874 3377 verwischenl

416 3412 693 3467 Gedanke:
731 3410 833 3466 Bei
866 3413 1132 3481 grosserer
1168 3412 1534 3469 Seelenstarke
1580 3415 1803 3468 wiirden
1841 3414 1939 3468 wir
1975 3415 2080 3468 den
2115 3414 2224 3468 'Pod
2260 3412 2550 3468 verachten
2601 3412 2730 3466 oder
2776 3410 2873 3463 fiir

417 3501 541 3556 kein
568 3491 711 3557 &bel
747 3502 1015 3571 ansehen3
1053 3501 1229 3555 hierin
1264 3501 1475 3557 konnen
1502 3503 1860 3558 Theramenes
1886 3503 1996 3556 und
2015 3501 2262 3557 Sokrates
2287 3517 2482 3555 unsere
2508 3499 2876 3554 Lehrmeister

415 3590 547 3644 sein.
606 3621 674 3630 --
729 3591 847 3644 vim
882 3590 1007 3644 bene
1040 3590 1290 3661 vivendi]
1329 3591 1477 3660 „Die
1514 3592 1675 3646 Kraft
1711 3609 1778 3645 zu
1829 3591 2004 3646 einem
2040 3593 2205 3661 guten
2242 3591 2500 3658 Leben“;
2554 3587 2872 3643 absiohtlich

415 3679 509 3732 (100
556 3678 933 3749 allgemeinere
980 3679 1105 3734 benc
1153 3681 1248 3734 fiir
1296 3680 1452 3734 beate.
1509 3712 1578 3721 -—
1633 3681 1818 3735 robore
1855 3721 1868 3735 .
1890 3721 1902 3734 .
1925 3721 1937 3734 .
1975 3680 2350 3751 despicimuia]
2401 3678 2519 3733 sind
2557 3678 2642 3731 die
2678 3676 2878 3732 beiden

415 3767 720 3836 Hauptteile
769 3768 866 3821 der
915 3768 1212 3836 „fortitudo
1229 3772 1260 3800 ‘⁴
1299 3769 1400 3839 (De
1438 3770 1535 3824 off.
1572 3770 1618 3840 Ι,
1656 3773 1722 3826 61
1739 3770 1855 3839 fl.);
1904 3770 2040 3824 dazu
2077 3767 2631 3824 zusammenfassend:
2684 3768 2782 3833 „et
2816 3765 2877 3818 in

415 3855 561 3910 omni
600 3855 796 3909 virtute
836 3859 914 3926 (so
950 3858 1325 3926 temperantia,
1363 3857 1566 3913 iustitia
1580 3898 1594 3927 ,
1634 3858 1911 3928 sapientia)
1924 3862 1973 3913 “.
2030 3888 2099 3898 -
2154 3856 2573 3928 eoqitaticmibus
2609 3854 2872 3909 mollissi-

413 3945 560 4013 mus]
612 3984 644 4013 „
657 3944 827 3998 durch
870 3945 955 3998 die
1012 3945 1329 4000 schlaffsten
1379 3947 1664 4002 Gedanken
1677 3950 1727 4015 “,
1783 3948 1884 4001 wie
1942 3947 2020 4002 sie
2080 3962 2184 4001 uns
2237 3946 2323 4001 die
2378 3945 2615 4016 Umvjvelt
2675 3942 2881 4013 eingibt

414 4032 525 4086 und
581 4031 637 4085 in
692 4047 795 4086 uns
848 4032 1034 4102 niihrt3
1090 4051 1213 4088 zum
1258 4035 1538 4089 Ausdruek
1591 4035 1725 4105 vgl..
1713 4055 1724 4066 ·
1782 4035 1935 4104 „dici
1986 4036 2287 4106 languidius
2342 4076 2354 4089 .
2378 4076 2391 4089 .
2408 4075 2422 4088 .
2479 4032 2875 4100 constantius“,

413 4120 482 4190 V,
518 4122 606 4177 25.
646 4152 715 4162 -
760 4122 1154 4177 Chaldaeomm
1182 4123 1483 4194 promissa]
1530 4076 1815 4192 Chaldaei,
1864 4125 1984 4179 eine
2020 4124 2404 4180 Priesterkaste
2448 4123 2507 4176 in
2542 4121 2881 4192 Babylonien

414 4211 470 4278 („
480 4209 538 4263 in
574 4210 759 4278 8311111ι
763 4212 815 4279 ‘),
855 4210 1269 4280 allgemeiner„
1286 4212 1650 4281 Sterndeuter,
1688 4214 1738 4269 N
1742 4213 2207 4269 atmtatssteller
2246 4213 2537 4282 (astroloyi,
2573 4212 2875 4266 mathema-

414 4296 529 4365 tici,
568 4298 933 4368 Μηίονες-νς
972 4299 1329 4369 eingehender
1364 4302 1568 4369 sprioht
1593 4302 1779 4358 Cicero
1813 4304 1889 4356 im
1917 4304 2142 4358 zweiten
2168 4302 2374 4369 Buch,
2378 4292 2556 4370 ,Uber
2582 4301 2669 4355 die
2695 4298 2881 4353 Weis-
