3221 4850
1278 299 1392 353 Lib.
1430 300 1476 367 1,
1514 315 1559 353 ο.
1597 302 1827 356 30—31.
2717 298 2787 359 77

323 479 519 543 quam
574 479 611 524 a
666 461 1051 543 magistratu
1109 464 1223 526 aut
1289 463 1370 527 ab
1426 463 1645 543 aliqua
1689 463 2005 544 potestate
2059 461 2376 543 legitima,
2437 461 2528 524 sie
2588 479 2625 524 a
2672 460 2787 525 deo

326 570 623 632 evocatus
672 569 865 650 atque
911 569 1185 633 emissus
1233 569 1476 633 exierit.
1546 568 1707 631 Tota
1753 568 1922 632 enim
1951 568 2470 652 philosophorum
2518 568 2666 645 vita,
2712 569 2788 631 ut

329 674 419 737 ait
460 674 649 751 idem,
697 675 1148 740 commentatio
1194 675 1418 739 mortis
1467 677 1584 740 est.
1675 674 1846 739 Nam
1893 674 2045 757 quid
2092 674 2264 739 aliud
2313 673 2591 756 agimus,
2638 692 2786 738 cum
2806 662 2890 724 31

324 799 365 844 a
410 781 769 865 voluptate,
827 781 895 845 id
943 783 1044 846 est
1089 800 1127 845 a
1172 800 1461 866 corpore,
1522 800 1671 846 cum
1720 801 1758 846 a
1800 800 1870 846 re
1917 780 2249 858 familiari,
2314 799 2476 863 quae
2524 783 2624 844 est
2667 749 2873 844 mi-⁷⁵

321 887 528 951 nistra
573 889 639 951 et
683 886 927 952 famula
973 888 1270 971 corporis,
1315 906 1462 952 cum
1509 906 1547 951 a
1592 906 1662 952 re
1707 887 1981 971 publica,
2035 906 2183 952 cum
2230 905 2269 951 a
2312 887 2567 969 negotio
2614 887 2788 950 omni

325 1011 699 1058 sevocamus
747 993 1064 1070 animum,
1112 993 1297 1076 quid,
1341 994 1641 1076 inquam,
1684 995 1827 1057 tum
1875 994 2156 1075 agimus,
2202 993 2327 1057 nisi
2372 993 2658 1057 animum
2706 992 2787 1057 ad

320 1119 392 1164 se
436 1100 653 1184 ipsum
700 1100 1114 1176 advocamus,
1174 1119 1393 1166 secum
1440 1119 1580 1165 esse
1638 1100 1927 1182 cogimus
1983 1100 2384 1181 maximeque
2446 1118 2484 1163 a
2530 1117 2785 1183 corpore

325 1206 746 1271 abducimus?
842 1207 1183 1273 Secernere
1231 1209 1450 1272 autem
1497 1226 1559 1288 a,
1582 1225 1840 1291 corpore
1887 1207 2174 1271 animum
2191 1254 2209 1284 ,
2268 1225 2387 1271 nec
2434 1205 2786 1287 quidquam

325 1313 530 1390 aliud,
587 1318 677 1378 est
721 1314 886 1379 mori
931 1314 1221 1379 discere?
1315 1313 1527 1394 Quare
1585 1314 1707 1379 hoc
1769 1315 2300 1390 commentemur,
2362 1313 2521 1377 mihi
2585 1312 2787 1390 crede,

327 1419 892 1502 disiungamusque
938 1439 1055 1485 nos
1101 1439 1140 1485 a
1185 1421 1567 1505 corporibuS,
1612 1421 1680 1484 id
1710 1421 1810 1485 est
1856 1439 2345 1486 consuescamus
2377 1420 2555 1483 mori.
2630 1419 2786 1496 Hoc,

327 1529 394 1590 et
424 1525 578 1589 dum
626 1527 863 1591 erimus
909 1528 977 1591 in
1008 1528 1216 1604 terris,
1262 1528 1384 1591 erit
1414 1528 1508 1591 illi
1554 1527 1816 1592 caelesti
1848 1527 2015 1592 vitae
2063 1527 2289 1604 simile,
2334 1528 2401 1591 et
2448 1545 2594 1590 cum
2634 1526 2787 1590 illuc

325 1651 402 1697 ex
446 1633 547 1697 his
595 1633 817 1701 vinclis
865 1634 1082 1698 emissi
1125 1632 1423 1706 feremur,
1470 1634 1684 1698 minus
1731 1633 2091 1698 tardabitur
2135 1651 2362 1698 cursus
2409 1632 2786 1696 animorum.

326 1738 496 1803 Nam
530 1740 736 1821 quiin
782 1740 1192 1824 compedibus
1238 1741 1518 1825 corporis
1565 1759 1817 1825 semper
1847 1740 2125 1819 fuerunt,
2172 1740 2368 1805 etiam
2416 1758 2563 1804 cum
2594 1739 2788 1804 soluti

325 1848 510 1923 sunt,
568 1846 814 1911 tardius
868 1847 1347 1930 ingrediuntur,
1404 1849 1481 1911 ut
1524 1847 1601 1924 ii,
1667 1847 1778 1929 qui
1823 1845 1989 1912 ferro
2035 1846 2235 1913 vincti
2287 1847 2523 1911 multos
2586 1865 2786 1910 annos

326 1951 607 2016 fuerunt.
699 1952 839 2033 Quo
887 1973 1036 2019 cum
1080 1954 1461 2030 venerimuS,
1508 1957 1652 2018 tum
1698 1953 1970 2036 denique
2017 1955 2323 2019 vivemus.
2413 1953 2583 2017 Nam
2628 1953 2788 2017 haec

328 2044 587 2140 quidem
634 2060 767 2124 vita
808 2079 982 2126 mors
1029 2063 1146 2137 est,
1193 2078 1389 2142 quam
1431 2060 1773 2124 lamentari
1817 2078 2090 2144 possem,
2137 2060 2193 2124 si
2236 2059 2484 2123 liberet.

506 2165 588 2229 A.
659 2166 830 2232 Satis
888 2169 964 2231 tu
1027 2165 1285 2250 quidem
1341 2167 1410 2231 in
1464 2164 1910 2232 Consolatione
1970 2185 2037 2231 es
2099 2166 2529 2241 lamentatus;
2592 2184 2785 2247 quam
2810 2165 2872 2226 τί

327 2290 473 2336 cum
528 2272 704 2355 lego,
760 2274 923 2338 nihil
975 2274 1144 2337 malo
1204 2291 1398 2355 quam
1450 2273 1570 2337 has
1627 2292 1730 2337 res
1785 2273 2176 2355 relinquere,
2233 2271 2335 2336 his
2390 2291 2537 2336 vero
2597 2271 2784 2336 modo

327 2378 564 2444 auditis
611 2381 815 2445 multo
861 2381 1083 2464 magis.

502 2486 602 2550 M.
671 2487 907 2554 Veniet
951 2490 1206 2571 tempus
1255 2491 1322 2553 et
1369 2487 1629 2570 quidem
1676 2488 1998 2564 celeriter,
2046 2487 2178 2552 sive
2225 2486 2605 2552 retractabis
2654 2486 2785 2551 sive

325 2595 725 2677 properabisf3
785 2595 959 2659 volat
1018 2594 1188 2659 enim
1246 2596 1443 2660 aetas.
1544 2595 1825 2659 Tantum
1886 2597 2106 2658 autem
2167 2592 2348 2658 abest
2407 2594 2485 2657 ab
2545 2610 2618 2657 eo
2635 2641 2650 2670 ,
2712 2597 2788 2657 ut

326 2699 572 2763 malum
618 2719 790 2765 mors
837 2702 941 2778 sit,
988 2700 1155 2783 quod
1202 2701 1321 2766 tibi
1352 2700 1600 2765 dudum
1646 2700 1997 2778 videbatur,
2043 2703 2120 2764 ut
2150 2718 2388 2777 verear,
2432 2718 2514 2763 ne
2545 2699 2787 2764 homini

327 2929 481 2999 loyes]
519 2929 606 2983 die
644 2936 893 3003 ἄγραφοι
929 2933 1118 3004 νόμοι,
1156 2929 1242 2983 die
1279 2928 1682 2998 Sittengesetze.
1721 2961 1789 2969 —
1826 2933 2069 2983 evocatus
2104 2933 2153 2982 et
2186 2928 2441 2998 emissus]
2481 2927 2786 2997 „(heraus-)

324 3018 648 3073 beschieden
675 3019 788 3072 und
819 3017 1071 3072 befreit“.
1112 3048 1177 3058 -
1215 3016 1383 3088 idem]
1415 3057 1446 3085 ,‚
1460 3017 1598 3071 eben
1622 3017 1838 3086 jeuer“.
1876 3048 1945 3057 —
1983 3016 2360 3072 commentatio
2386 3015 2600 3085 mortis]
2622 3015 2787 3082 „eine

327 3107 548 3176 geistige
587 3107 814 3176 (innere)
851 3106 1243 3176 Vorbereitung
1278 3107 1373 3160 auf
1407 3107 1512 3160 deu
1547 3107 1715 3160 Tod“.

470 3250 626 3317 Καρ.
668 3249 773 3306 31.
853 3263 934 3302 ⁷⁶.
985 3253 1103 3302 tum
1137 3249 1379 3318 ayimus]
1420 3250 1561 3317 „tun
1596 3248 1696 3301 wir
1730 3251 1787 3301 in
1823 3247 2006 3303 diesen
2042 3247 2288 3303 Falleu“.
2326 3279 2395 3289 —-
2439 3264 2621 3301 secum
2654 3249 2783 3316 esse]

325 3339 453 3393 obex
489 3337 599 3404 lui,
653 3338 785 3406 „bei
831 3337 974 3405 sich,
1023 3354 1089 3391 zu
1124 3337 1369 3392 Hause“.
1423 3368 1490 3377 --
1542 3337 1822 3391 Secerraere
1857 3342 2040 3391 autem
2073 3354 2112 3390 a
2147 3353 2364 3406 corpore
2398 3336 2655 3391 animum
2689 3353 2786 3390 nec

325 3428 621 3497 quicquam
655 3427 835 3497 aliud]
873 3426 1018 3494 „Die
1055 3425 1209 3482 Seele
1259 3443 1384 3480 vom
1420 3426 1631 3495 Korper
1677 3426 1806 3481 aber
1854 3426 2147 3480 absondern
2164 3467 2177 3494 ,
2228 3427 2323 3479 das
2358 3457 2426 3467 —
2464 3426 2572 3480 und
2609 3425 2787 3478 nichts

327 3516 550 3570 anderes
588 3547 655 3555 —
692 3516 857 3571 haifst
891 3516 1108 3570 sterben
1146 3514 1331 3570 lernen
1347 3518 1396 3569 “.
1470 3515 1592 3584 Vgl.
1632 3514 1801 3583 Plato,
1838 3515 2106 3583 Phaedon,
2144 3533 2194 3584 p.
2225 3518 2293 3571 67
2306 3532 2369 3568 n:
2407 3518 2587 3571 Λύειν
2621 3517 2693 3571 δέ
2722 3536 2784 3585 γε

329 3607 502 3673 αὐτήν
536 3606 632 3673 (so.
672 3604 903 3678 ψυχήν),
953 3605 1025 3668 ὥς
1061 3626 1277 3679 φαμεν,
1329 3613 1759 3679 προθυμοῦνται
1796 3608 1882 3661 ἀεὶ
1916 3609 2165 3679 μάλιστα
2200 3610 2296 3660 καὶ
2328 3608 2496 3676 μόνοι
2535 3608 2593 3659 οἱ
2627 3608 2782 3677 φιλο-

329 3705 633 3767 σοφοῦντες
681 3696 859 3766 ὀρθῶς
906 3700 1001 3751 καὶ
1051 3698 1116 3750 τὸ
1160 3698 1442 3768 μελέτημα
1496 3698 1633 3750 αὐτὸ
1684 3697 1849 3749 τοῦτό
1898 3697 2051 3750 ἐστιν
2099 3706 2209 3749 τῶν
2257 3696 2584 3767 φιλοσόφων
2630 3696 2786 3756 λύσις

325 3788 420 3838 καὶ
462 3787 748 3857 χωρισμὸς
796 3794 979 3857 ψυχῆς
1024 3787 1141 3839 ἀπὸ
1188 3787 1447 3856 σώματος
1483 3789 1515 3851 ἢ
1552 3788 1649 3852 οὓς
1698 3814 1768 3824 -
1816 3783 1916 3837 Ῐιοο
1961 3784 2396 3852 commentemur]
2450 3782 2577 3850 „sei
2622 3799 2788 3836 unsel·

326 3871 462 3926 Sinn
509 3872 700 3925 darauf
752 3871 1075 3940 gerichtet“.
1134 3904 1202 3913 -
1262 3871 1378 3937 Quo
1432 3874 1580 3942 cum]
1639 3872 1811 3940 „Erst
1858 3888 2014 3926 wenn
2065 3871 2166 3925 wir
2212 3871 2419 3926 dahin“
2476 3872 2571 3939 (ad
2614 3871 2782 3925 vitam

325 3960 636 4029 caele-stent).

475 4062 557 4104 76.
595 4048 662 4102 in
704 4049 1094 4120 Consolatione]
1132 4066 1174 4105 s.
1206 4067 1274 4104 zu
1308 4051 1452 4120 ¹565.
1491 4082 1560 4090 -
1597 4050 1700 4105 has
1735 4051 1840 4119 res]
1882 4049 2069 4117 „diese
2093 4049 2303 4104 Wolt‘fl
2343 4081 2408 4091 —
2446 4047 2782 4117 retractabis]

328 4154 433 4196 von
489 4136 772 4206 Zugtieren
824 4138 1144 4207 gebraucht,
1210 4154 1421 4208 „gegen
1475 4139 1580 4193 den
1636 4137 1850 4194 Stachel
1905 4137 2060 4193 loken
2076 4178 2090 4206 ,
2152 4138 2302 4192 nicht
2353 4136 2786 4206 vorwartsgehen

325 4225 537 4293 wollen,
576 4226 691 4281 sich
728 4227 1039 4281 strauben“.
1079 4258 1147 4268 —-
1183 4227 1411 4298 dudum]
1443 4227 1727 4296 „vorma18‚
1767 4228 2052 4295 ehedem“‚
2091 4226 2407 4281 absichtlich
2444 4226 2523 4280 als
2560 4226 2783 4279 zuriick-

326 4305 534 4385 lieg'end
572 4315 897 4385 dargestellt.
950 4348 1016 4356 -
1066 4333 1273 4384 verear,
1310 4318 1400 4386 ne]
1440 4317 1732 4387 „besorge,
1769 4317 1888 4372 dass
1899 4318 1956 4386 “3
1996 4317 2147 4385 „fast
2181 4315 2397 4370 meinen
2433 4315 2676 4382 mochte,
2726 4331 2785 4369 es
