3221 4850
421 298 495 358 88
1217 297 1636 352 Tusculanarum
1673 296 2085 367 disputationum

426 462 591 527 bello
637 480 751 544 pro
798 461 1006 544 patria
1064 460 1361 525 cadentes
1410 459 1734 544 Scipiones
1781 459 2092 542 Hispania
2139 459 2429 537 vidisset,
2490 459 2768 523 Paulum
2815 460 2901 524 et

430 567 773 633 Geminum
820 567 1110 646 Cannae,
1167 567 1455 632 Venusia
1500 567 1910 644 Marcellum,
1968 567 2199 630 Litana
2243 566 2579 643 Albinum,
2637 565 2889 630 Lucani

432 674 812 740 Gracchum.
901 674 1078 739 Num
1110 675 1254 756 quis
1301 674 1532 738 horum
1577 673 1774 738 miser
1818 673 2050 738 hodie?
2142 673 2239 737 Ne
2271 675 2414 737 tum
2448 672 2704 754 quidem
2734 673 2897 755 post

429 781 726 865 spiritum
773 783 1161 856 extremum3
1221 800 1340 845 nec
1399 780 1569 845 enim
1615 782 1829 863 potest
1875 799 2014 845 esse
2059 780 2254 845 miser
2301 780 2642 862 quisquam
2688 797 2890 843 sensu

342 907 406 951 νο
427 890 773 972 perempto.
865 890 953 953 At
995 887 1063 952 id
1107 887 1321 971 ipsum
1368 886 1657 951 odiosum
1704 888 1820 964 est,
1882 887 2017 951 sine
2065 905 2258 951 sensu
2304 904 2463 951 esse.
2556 883 2888 961 Odiosum,

429 996 484 1061 si
542 994 609 1059 id
668 997 838 1059 esset
898 1013 1132 1060 carere.
1225 993 1388 1060 Cum
1450 1012 1598 1058 vero
1645 994 2052 1077 perspicuum
2115 993 2201 1057 sit
2245 993 2406 1057 nihil
2450 1012 2634 1077 posse
2693 994 2761 1057 in
2807 1012 2889 1058 eo

429 1120 599 1180 esse,
660 1102 771 1183 qui
814 1101 950 1186 ipse
997 1120 1124 1166 non
1171 1101 1287 1177 sit,
1349 1099 1503 1182 quid
1549 1101 1763 1182 potest
1809 1118 1948 1165 esse
1994 1101 2061 1164 in
2108 1119 2180 1166 eo
2226 1100 2548 1179 odiosum,
2609 1100 2721 1182 qui
2764 1119 2891 1165 nec

429 1211 645 1274 careat
689 1227 808 1273 nec
853 1207 1137 1273 sentiat?
1216 1205 1625 1288 Quamquam
1670 1206 1793 1271 hoc
1839 1206 2096 1288 quidem
2142 1207 2332 1271 nimis
2379 1225 2587 1291 saepe,
2634 1207 2746 1272 sed
2792 1226 2889 1285 eo,

431 1315 599 1398 quod
658 1315 725 1379 in
784 1315 905 1380 hoc
961 1314 1134 1378 inest
1184 1313 1389 1378 omnis
1437 1312 1635 1377 animi
1681 1314 2029 1379 contractio
2077 1332 2152 1377 ex
2196 1314 2376 1377 metu
2420 1314 2664 1379 mortis.
2755 1313 2888 1393 Qui

430 1423 600 1487 enim
661 1421 820 1487 satis
881 1420 1139 1499 viderit,
1205 1420 1270 1484 id
1319 1419 1489 1502 quod
1548 1422 1650 1485 est
1705 1420 1848 1485 luce
1910 1420 2175 1499 elatine,
2244 1421 2455 1485 animo
2516 1422 2582 1485 et
2626 1439 2891 1505 corpore

432 1531 808 1611 consumpto
878 1529 1141 1610 totoque
1213 1528 1538 1591 animante
1608 1525 1817 1592 deleto
1887 1530 1954 1591 et
2017 1527 2186 1592 facto
2253 1526 2520 1592 interitu
2586 1527 2886 1591 universo

315 1617 340 1664 ⁵·
429 1635 591 1699 illud
650 1635 917 1711 animal,
978 1633 1147 1716 quod
1208 1634 1429 1712 fuerit,
1489 1633 1735 1698 factum
1783 1653 1921 1698 esse
1966 1634 2158 1712 nihil,
2217 1634 2272 1698 is
2318 1634 2506 1717 plane
2551 1633 2900 1718 perspiciet

429 1742 599 1806 inter
643 1741 1236 1825 Hippocentaurum
1252 1789 1267 1818 ‚
1330 1740 1439 1822 qui
1485 1759 1840 1821 numquam
1889 1741 2114 1818 fuerit,
2174 1744 2241 1806 et
2285 1760 2501 1823 regem
2547 1743 2895 1822 Agamem-

432 2006 666 2076 Apulum
702 2005 938 2075 gesallen
976 2006 1091 2060 sein
1128 2005 1253 2075 soll;
1300 2023 1369 2061 an
1407 2008 1644 2061 anderen
1680 2005 1885 2061 Stellen
1920 2004 2324 2060 unterscheidet
2360 2003 2545 2060 Cicero
2582 2004 2718 2059 bloss
2757 2005 2899 2059 zwei

433 2096 677 2164 „,Mures
717 2096 809 2164 qui
846 2112 903 2150 se
941 2095 1142 2164 patriae
1178 2096 1553 2150 devoverunt“
1592 2095 1727 2165 (Cat.
1765 2094 1836 2149 Μ.
1880 2097 1911 2164 ξ
1949 2095 2054 2158 75).
2097 2126 2161 2135 -
2204 2094 2509 2163 Scipiones]
2547 2094 2607 2148 P.
2644 2094 2755 2147 und
2792 2093 2895 2149 Cn.

432 2185 609 2254 Scipio
645 2185 862 2238 werden
897 2186 1001 2240 211
1040 2202 1091 2238 v.
1122 2185 1246 2241 Chr.
1287 2201 1391 2239 von
1426 2185 1531 2238 den
1567 2184 1907 2253 Karthagern
1942 2184 2053 2237 und
2090 2183 2263 2237 ihrem
2290 2182 2675 2237 Verbiindeten
2698 2181 2897 2237 Massi·

431 2273 578 2327 nissa
612 2273 668 2326 in
697 2272 930 2342 Spanien
967 2275 1074 2342 (am
1100 2272 1302 2341 Baetis)
1339 2273 1659 2342 geschlagen
1699 2272 1806 2326 und
1842 2274 2057 2341 getotet.
2100 2302 2164 2312 -
2201 2272 2446 2325 Paulum
2480 2277 2529 2325 et
2571 2272 2897 2342 Geminum]

427 2362 489 2416 L.
528 2360 791 2415 Aemilius
828 2360 1092 2431 Pau(l)lus
1138 2363 1244 2417 216
1290 2379 1341 2415 v.
1382 2362 1504 2418 Chr.
1558 2362 1644 2415 bei
1681 2362 1895 2427 Kanna3
1953 2362 2148 2415 ebenso
2187 2360 2280 2416 Cn.
2319 2360 2578 2415 Servilius
2616 2361 2897 2416 Geminus.

428 2452 735 2518 Marcellus,
773 2451 871 2504 der
905 2451 1169 2506 Eroberer
1204 2469 1309 2506 von
1347 2452 1581 2521 Syrakus
1620 2453 1747 2520 (212
1782 2469 1834 2504 v.
1874 2452 2037 2521 Chr.),
2075 2452 2130 2504 in
2170 2450 2344 2505 einem
2382 2451 2768 2505 Reitertrefsen
2804 2451 2897 2505 bei

427 2539 668 2594 Venusia
703 2542 809 2597 208
837 2557 887 2594 v,
908 2539 1031 2596 Chr.
1072 2540 1283 2610 (Horaz'
1304 2540 1544 2595 Heimat:
1585 2542 1879 2608 „Lucanus
1904 2558 1973 2594 an
2000 2540 2207 2609 Apulus
2235 2556 2431 2609 anceps
2442 2541 2513 2606 ⁴⁴).
2551 2572 2621 2581 —
2657 2540 2897 2611 Litana]

427 2628 590 2683 Wohl
629 2628 716 2683 die
751 2629 838 2683 bei
864 2628 1049 2683 Livius
1085 2629 1355 2684 erwahnte
1390 2629 1532 2683 silva
1558 2629 1782 2697 Litana,
1821 2629 1906 2683 bei
1942 2629 2150 2684 Mutina
2184 2630 2467 2699 (Modena),
2503 2630 2672 2683 durch
2707 2629 2794 2685 die
2832 2647 2901 2684 er

430 2719 525 2773 das
562 2719 710 2773 Heer
745 2718 945 2772 fiihren
980 2717 1160 2773 wollte
1198 2721 1326 2788 (215
1362 2735 1413 2773 v.
1454 2718 1618 2788 Chr.).
1668 2750 1735 2759 —
1790 2719 2043 2789 Iacca-ni]
2090 2719 2337 2788 haufiger
2373 2719 2513 2773 noch
2549 2719 2637 2773 bei
2674 2719 2894 2790 Bruttii,

430 2808 528 2861 der
573 2808 745 2863 Name
792 2808 888 2862 des
925 2807 1122 2862 Volkes
1169 2808 1264 2860 fiir
1307 2808 1401 2862 das
1450 2808 1613 2862 Land.
1672 2840 1740 2848 —
1804 2808 2133 2878 Gracchum]
2179 2808 2375 2862 Dieser
2418 2808 2493 2862 Ti.
2544 2808 2897 2877 Sempronius

431 2897 706 2951 Gracchus
752 2912 863 2950 war
907 2899 1013 2953 216
1049 2913 1101 2950 v.
1143 2895 1265 2952 Chr.
1312 2897 1574 2966 nwyister
1621 2897 1889 2966 equitum,
1947 2897 2137 2966 schlug
2172 2899 2276 2953 215
2314 2915 2365 2951 V.
2405 2897 2528 2953 Chr.
2568 2897 2648 2951 als
2683 2897 2899 2951 Konsul

427 2985 513 3040 die
558 2985 859 3055 Karthager
904 2985 990 3039 bei
1040 2985 1234 3053 Cuma,
1290 2988 1397 3041 214
1441 3003 1493 3039 v.
1534 2984 1657 3041 Chr.
1705 2987 1809 3040 den
1859 2986 2051 3040 Hanno
2111 2986 2198 3040 bei
2243 2987 2545 3055 Benevent;
2601 2987 2746 3040 ward
2782 2988 2903 3043 213

430 3092 480 3127 v.
504 3074 627 3130 Chr.
658 3075 829 3129 durch
846 3075 1045 3128 Verrat
1069 3074 1247 3128 seines
1271 3074 1622 3129 lukanisehen
1648 3075 2034 3129 Gastfreundes
2070 3090 2176 3128 von
2202 3074 2357 3144 Mago
2395 3075 2451 3128 in
2480 3076 2639 3130 einen
2665 3075 2893 3130 Hinter-

428 3163 543 3216 halt
576 3163 786 3233 gelockt
833 3164 945 3216 und
981 3164 1211 3232 getiitet3
1256 3163 1378 3217 dem
1414 3165 1580 3218 'l'oten
1626 3164 1896 3233 gewahrte
1931 3163 2199 3218 Hannibal
2249 3164 2367 3218 eine
2405 3164 2640 3234 wiirdige
2676 3164 2899 3219 Bestat—

429 3251 745 3321 tungsfeier.

576 3354 658 3395 ⁹0.
696 3340 964 3410 odiosum]
1003 3383 1036 3410 „
1052 3340 1227 3408 bitter,
1266 3342 1670 3396 verwiinscht“.
1711 3373 1779 3381 ——
1816 3359 1926 3396 esse
1961 3343 2028 3396 in
2062 3361 2120 3396 eo
2142 3342 2412 3412 odiosum]
2452 3383 2483 3410 „
2500 3342 2587 3397 bei
2623 3344 2744 3397 dem
2772 3343 2897 3397 Bit—

429 3432 572 3484 teres
616 3429 788 3499 geben
802 3431 853 3483 ⁴⁴.
910 3461 978 3469 —
1042 3429 1390 3499 Quamquam
1438 3431 1537 3485 hoc
1572 3431 1791 3500 quidem
1826 3431 2004 3484 nimis
2040 3449 2209 3501 saepe,
2256 3432 2349 3485 sed
2381 3449 2454 3498 ea,
2493 3432 2654 3502 quod]
2694 3432 2891 3499 „Doch

428 3519 522 3572 das
558 3521 738 3589 (etwa:
792 3518 979 3587 bringe
1024 3519 1111 3572 ich
1161 3519 1351 3589 resero)
1399 3518 1648 3587 allzuoft,
1706 3519 1833 3574 aber
1887 3520 1994 3591 (ich
2045 3524 2134 3574 tue
2173 3521 2251 3587 es)
2299 3519 2544 3588 deshalb,
2595 3520 2716 3574 weil
2730 3522 2778 3574 ⁴⁴.
2821 3551 2897 3561 —

431 3607 622 3661 animi
655 3607 953 3661 contractio
988 3626 1052 3662 ea:
1086 3610 1250 3677 metu]
1290 3648 1323 3677 „
1339 3608 1906 3678 Zusammenziehung,
1945 3609 2575 3679 Zusammenschniirung
2610 3610 2707 3663 der
2732 3609 2897 3665 Seele

429 3695 631 3764 insolge
682 3696 778 3750 der
815 3696 1015 3750 Furcht
1028 3700 1076 3750 “.
1150 3697 1253 3752 Die
1305 3697 1772 3766 physiologischen
1811 3699 2089 3767 Vorgange
2104 3740 2118 3767 ,
2165 3697 2370 3752 welche
2419 3698 2505 3752 die
2541 3699 2762 3753 Affekte
2811 3698 2891 3752 im

430 3783 654 3852 Gefolge
689 3783 880 3852 haben,
918 3785 1266 3840 untersuchte
1302 3786 1412 3840 und
1439 3786 1725 3841 definierte
1760 3786 2088 3841 namentlich
2115 3786 2201 3841 die
2228 3786 2366 3842 Stoa.
2407 3819 2470 3827 -
2513 3788 2629 3842 luce
2655 3787 2898 3857 clarius]

427 3887 594 3926 unser
630 3911 662 3940 „
677 3873 1061 3942 sonnenklar“,
1100 3874 1386 3943 eigentlich
1424 3874 1601 3930 klarer
1637 3875 1716 3930 als
1752 3876 1846 3930 das
1881 3875 2181 3945 Tageslicht
2217 3879 2308 3945 (ε-
2343 3877 2450 3931 sole
2485 3877 2711 3944 clarius,
2750 3876 2889 3931 auch

429 3962 543 4015 luce
590 3961 724 4015 solis
773 3962 1023 4032 clarius).
1074 3994 1144 4005 —
1192 3966 1528 4034 consumpto]
1580 4005 1614 4033 „
1629 3965 2039 4034 ausgebraucht,
2090 3964 2365 4035 ausgelebt
2380 3968 2428 4018 “.
2479 3997 2548 4006 -—
2603 3966 2893 4020 animante

425 4049 607 4119 dekto]
661 4089 693 4118 „
708 4050 801 4104 das
847 4049 1174 4105 Lebewesen
1220 4052 1523 4106 vernichtet
1537 4056 1586 4106 “.
1645 4085 1713 4092 —
1767 4054 1912 4122 facto
1960 4054 2192 4108 interitu
2239 4055 2515 4125 universo]
2572 4095 2604 4124 „
2618 4055 2707 4109 ein
2752 4053 2891 4108 voll-

427 4138 697 4208 standiger
733 4139 1044 4208 Untergang
1080 4140 1195 4194 sich
1233 4140 1510 4211 vollzogen
1544 4142 1639 4196 hat
1650 4146 1700 4196 “.
1740 4174 1807 4184 —
1853 4143 2381 4213 Hippocentaurum]
2430 4144 2651 4212 „einem
2687 4144 2888 4212 Hippo·

428 4214 722 4283 zentauren
739 4230 800 4295 “;
851 4244 954 4282 uns
990 4227 1063 4283 ist
1097 4226 1390 4298 gelaufiger
1427 4231 1764 4300 ‚,Zentaur“,
1816 4231 2117 4301 griechisch
2151 4239 2442 4308 κένταυρος
2478 4234 2587 4286 und
2625 4238 2893 4288 ἱπποκέν-

429 4334 497 4367 τα
506 4336 641 4388 υρος.
695 4347 762 4356 —-
812 4315 1293 4387 Aqamemnonem]
1340 4321 1710 4389 Agamemnon
1756 4320 1833 4376 als
1879 4321 1974 4376 das
2021 4321 2286 4391 geliiufige
2322 4321 2556 4390 Beispiel
2592 4323 2685 4375 fiir
2730 4321 2899 4377 einen
