3221 4850
432 356 536 417 154
1222 358 1639 413 Tusculanarum
1676 358 2089 429 disputationum

434 539 595 602 quae
644 521 765 585 erit
808 522 874 584 in
921 539 993 585 eo
1037 520 1320 604 perfecta
1368 524 1561 603 atque
1622 522 1919 587 absoluta
1940 572 1955 600 ‚
2019 523 2110 587 sic
2167 523 2265 587 illi
2321 523 2489 607 parti
2547 524 2915 607 imperabit

430 626 726 705 inferiori,
773 630 851 692 ut
895 628 1106 692 iustus
1154 647 1384 711 parens
1430 628 1644 711 probis
1686 628 1868 703 filiis3
1915 632 2100 707 nutu,
2150 629 2316 711 quod
2349 630 2535 708 volet,
2582 630 2910 708 conficiet,

430 734 605 798 nullo
651 735 892 813 labore,
952 735 1131 799 nulla
1175 736 1501 810 molestia;
1563 736 1766 818 eriget
1811 736 1945 819 ipse
2007 755 2106 814 se,
2170 736 2536 815 suscitabit,
2590 738 2908 815 instruet,

431 842 734 919 armabit,
793 844 870 906 ut
914 844 1250 923 tamquam
1294 842 1460 906 hosti
1523 842 1615 907 sic
1674 843 1944 907 obsistat
2004 843 2219 907 dolori.
2311 842 2487 922 Quae
2550 845 2703 907 sunt
2760 844 2907 908 ista

431 951 655 1013 arma?
733 947 1086 1026 contentio,
1134 948 1525 1014 confirmatio
1574 967 1908 1031 sermoque
1954 950 2239 1028 intimus,
2286 951 2595 1033 cumipse
2629 970 2902 1015 secum:

346 1073 408 1115 ω
431 1054 643 1134 „Cave
692 1056 877 1138 turpe
926 1056 1287 1137 quicquam,
1331 1055 1726 1137 languidum,
1771 1075 1898 1120 non
1945 1056 2185 1121 virile.“
2263 1056 2696 1121 Obversentur
2745 1076 2903 1140 spe-

431 1162 558 1227 cies
603 1163 908 1226 honestae
956 1180 1176 1235 verae;
1234 1162 1402 1226 Zeno
1447 1166 1837 1246 proponatur
1880 1163 2168 1241 Eleates,
2230 1164 2339 1245 qui
2383 1150 2738 1247 perpessus
2786 1167 2903 1228 est

431 1269 642 1334 omnia
699 1270 942 1352 potius,
1014 1287 1209 1350 quam
1269 1269 1549 1333 conscios
1609 1268 1912 1334 delendae
1973 1270 2331 1352 tyrannidis
2385 1269 2733 1344 indicaret;
2806 1271 2896 1336 de

430 1377 803 1441 Anaxarcho
850 1375 1234 1440 Democritio
1283 1377 1628 1458 cogitetur,
1692 1377 1802 1458 qui
1853 1396 1999 1441 cum
2048 1375 2241 1460 Cypri
2286 1377 2353 1441 in
2399 1395 2629 1441 manus
2675 1377 2899 1441 Timo-

432 1483 704 1548 creontis
763 1483 932 1565 regis
991 1482 1349 1561 incidisset,
1417 1484 1671 1548 nullum
1731 1502 1931 1565 genus
1992 1484 2287 1566 supplicii
2346 1484 2722 1566 deprecatus
2786 1487 2900 1548 est

429 1609 635 1672 neque
682 1590 1023 1654 recusavit.
1116 1588 1394 1655 Calanus
1440 1590 1659 1668 InduS‚
1705 1590 1999 1655 indoctus
2048 1609 2122 1655 ac
2166 1591 2501 1667 barbarus,
2546 1590 2614 1654 in
2658 1589 2899 1654 radici-

429 1698 549 1762 bus
598 1696 868 1762 Caucasi
912 1699 1137 1775 natu8‚
1199 1716 1317 1761 sua
1362 1698 1692 1762 voluntate
1740 1698 1923 1762 vivus
1972 1699 2340 1763 combustus
2397 1700 2513 1762 est.
2604 1697 2769 1775 Noe,
2831 1699 2899 1761 si

428 1823 542 1887 pes
590 1803 942 1880 condoluit,
1003 1803 1057 1867 si
1104 1804 1260 1867 dens
1310 1804 1451 1886 [sed
1499 1803 1599 1868 fac
1645 1807 1856 1869 totum
1917 1805 2126 1869 dolere
2187 1805 2476 1887 corpus]‚
2535 1803 2698 1868 ferre
2757 1823 2897 1868 non

430 1929 789 1994 possumus.
883 1909 1108 1993 Opinio
1156 1913 1256 1975 est
1302 1911 1470 1975 enim
1519 1911 1838 1993 quaedam
1885 1910 2248 1975 effeminata
2295 1929 2370 1976 ac
2426 1911 2583 1975 levis
2643 1929 2761 1975 nec
2820 1911 2897 1974 in

432 2016 641 2080 dolore
700 2018 904 2098 magis
965 2036 1159 2099 quam
1216 2017 1437 2081 eadem
1500 2018 1567 2081 in
1626 2018 1953 2100 voluptate
1972 2066 1986 2094 ‚
2058 2036 2186 2098 qua
2255 2037 2401 2082 cum
2470 2018 2895 2099 liquescimus

430 2122 818 2205 fluimusque
865 2124 1135 2188 mollitia
1154 2172 1169 2202 ,
1232 2125 1368 2206 apis
1418 2124 1713 2188 aculeum
1760 2124 1894 2188 sine
1943 2124 2219 2188 clamore
2266 2123 2430 2188 ferre
2476 2143 2603 2188 non
2659 2143 2899 2206 possu-

348 2246 409 2288 58
429 2249 593 2295 mus.
702 2233 789 2296 At
847 2251 994 2296 vero
1057 2230 1123 2296 C.
1186 2231 1456 2308 Marius,
1513 2231 1878 2295 rusticanus
1939 2231 2064 2308 vir,
2135 2230 2244 2294 sed
2302 2231 2489 2314 plane
2551 2231 2679 2307 vir,
2739 2250 2897 2295 cum

430 2425 564 2480 nach
601 2425 693 2480 der
728 2424 1047 2479 Parenthese
1086 2424 1219 2491 „der
1254 2427 1426 2480 also“.
1466 2456 1534 2464 —
1584 2441 1757 2480 sermo
1793 2424 2045 2493 intimus]
2087 2424 2562 2496 „Selbstgesprach
2599 2425 2670 2478 im
2707 2424 2897 2480 Inner·

431 2516 608 2570 sten“.
651 2545 715 2554 —-
755 2532 880 2570 cum
913 2515 1033 2583 ipse
1067 2515 1270 2582 secum]
1308 2515 1432 2568 Man
1468 2519 1688 2582 erganze
1726 2515 1990 2583 loquitur.

578 2617 659 2659 52.
714 2606 917 2673 species
969 2603 1245 2674 honestae]
1303 2604 1581 2670 „sittliche
1625 2603 1800 2657 Ideale
1818 2604 1866 2658 “.
1917 2634 1983 2642 —
2036 2604 2217 2671 verae]
2269 2604 2406 2671 „der
2453 2603 2893 2670 Wirklichkeit“,

431 2694 524 2747 der
552 2692 879 2758 Geschichte‚
921 2693 1070 2747 nicht
1104 2693 1458 2761 vorgestellte.
1497 2723 1565 2731 —-
1603 2693 1757 2748 Zeno
1794 2732 1807 2746 .
1830 2734 1842 2746 .
1864 2735 1875 2747 .
1913 2692 2160 2761 Eleates]
2197 2693 2309 2746 Aus
2345 2692 2491 2746 Elea
2528 2692 2757 2761 (Velia),
2796 2692 2897 2746 der

429 2783 778 2853 phokaischen
814 2783 1140 2836 Pflanzstadt
1174 2783 1230 2836 in
1266 2782 1635 2848 Unteritalien‚
1673 2782 2145 2850 Lieblingsschiiler
2182 2782 2273 2836 des
2319 2782 2680 2847 ParmenideS,
2720 2782 2898 2835 selbst

430 2873 725 2925 namhafter
774 2872 1057 2942 Philosoph
1073 2914 1085 2938 ,
1134 2871 1307 2925 wurde
1361 2871 1443 2925 bei
1491 2871 1609 2924 dem
1656 2871 1916 2938 Versuch,
1969 2871 2108 2925 seine
2143 2871 2459 2924 Vaterstadt
2505 2888 2603 2924 von
2660 2871 2754 2923 der
2787 2870 2896 2939 Ty-

431 2962 924 3015 rannenherrschaft
942 2979 1005 3014 zu
1023 2961 1265 3025 besteien,
1295 2960 1547 3014 betroffen
1570 2960 1676 3013 und
1698 2977 1943 3028 grausam
1961 2960 2307 3028 umgebracht
2323 2962 2430 3026 (um
2451 2960 2559 3014 460
2572 2978 2617 3013 v,
2635 2958 2793 3024 clun).
2818 2989 2894 3000 —

429 3050 803 3119 proponatur]
840 3049 1224 3120 entsprechend
1260 3050 1352 3102 der
1388 3049 1737 3116 Vorstellung
1783 3050 2003 3118 species.
2042 3078 2106 3087 —
2148 3049 2488 3104 Anaxarcho
2522 3048 2892 3115 Democriteo]

431 3145 839 3211 Δημοκριτείῳ;
869 3156 925 3191 er
956 3139 1108 3192 hatte
1136 3138 1429 3192 Alexander
1463 3137 1557 3190 auf
1588 3138 1780 3191 seinem
1810 3138 1950 3206 Zuge
1985 3138 2252 3206 begleitet.
2303 3165 2366 3174 ——
2420 3137 2747 3204 deprecatus
2781 3137 2892 3204 est]

434 3229 664 3295 „suchte
701 3228 866 3281 durch
900 3227 1088 3281 Bitten
1125 3227 1537 3281 abzuwenden“.
1578 3257 1646 3265 —
1687 3226 1959 3295 Galanus]
1996 3227 2128 3280 Hier
2163 3228 2364 3281 kommt
2414 3226 2590 3280 Cicero
2641 3226 2734 3279 auf
2784 3226 2892 3279 den

433 3315 833 3387 Gymnosophen
871 3316 1150 3371 Calanus
1188 3316 1312 3369 oder
1348 3315 1613 3382 Callanus,
1653 3317 1746 3369 der
1781 3333 1865 3369 am
1901 3315 2250 3369 Hindukusch
2285 3315 2671 3385 (Paropanisus,
2710 3313 2893 3380 „Cau-

436 3423 589 3459 casus
623 3405 957 3476 inhospitalis
972 3406 1003 3431 “
1040 3405 1125 3458 bei
1160 3405 1356 3472 Horaz)
1390 3407 1616 3474 geboren
1633 3449 1645 3473 ,
1684 3405 1977 3459 Alexander
2014 3405 2129 3458 dem
2159 3403 2380 3459 Grossen
2408 3422 2507 3458 von
2535 3405 2716 3458 Taxila
2751 3404 2892 3457 nach

431 3496 668 3564 Babylon
696 3496 858 3564 folgte
887 3495 994 3548 und
1022 3494 1149 3561 sich,
1188 3496 1267 3548 als
1295 3512 1352 3548 er
1378 3494 1548 3549 krank
1574 3495 1766 3562 wurde,
1795 3495 2041 3562 lebendig
2058 3495 2376 3548 verbrennen
2403 3492 2540 3547 liess.
2570 3522 2628 3530 -
2657 3491 2889 3562 Opinio]

432 3585 559 3638 Was
597 3584 1008 3652 ,‚Einbildung“
1046 3585 1263 3652 (Wahn)
1297 3585 1381 3638 bei
1408 3586 1543 3639 Lust
1579 3584 1687 3638 und
1721 3584 1849 3638 Leid
1886 3584 2176 3650 ausmacht,
2216 3583 2355 3651 zeigt
2391 3582 2568 3637 Cicero
2604 3581 2891 3635 besonders

432 3677 505 3727 im
532 3675 583 3728 4.
621 3675 814 3729 Buche.
855 3705 920 3712 —
959 3692 1123 3743 quam
1150 3674 1360 3742 eadem]
1399 3674 1533 3726 Zwei
1560 3673 2012 3741 Vergleichungen
2048 3672 2454 3726 verschmolzen:
2495 3672 2549 3737 1)
2583 3687 2684 3726 nec
2708 3671 2893 3739 maqis

432 3781 624 3832 quam,
661 3765 715 3828 2)
752 3764 937 3818 eadem
973 3780 1147 3833 quae.-
1195 3804 1225 3830 ,‚
1241 3764 1392 3817 nicht
1426 3763 1631 3816 minder
1667 3764 1747 3816 als
1784 3763 1989 3816 selbe“.
2046 3792 2111 3800 —
2172 3777 2287 3830 qua
2336 3778 2460 3816 cum
2515 3760 2890 3830 liquescimus]

432 3853 561 3921 geht
597 3853 688 3905 auf
719 3854 1015 3922 voluptate.
1053 3882 1121 3893 --
1157 3853 1488 3922 fluimusque
1524 3851 1784 3921 mollitia]
1835 3851 1958 3905 fallt
2004 3869 2099 3905 aus
2149 3851 2242 3903 der
2286 3849 2890 3916 Relativkonstruktion‚

431 3942 577 3999 wird
609 3943 733 3995 aber
789 3959 845 3996 so
899 3942 1151 4010 richtiger
1203 3942 1396 4010 gefasst
1446 3942 1526 3995 als
1574 3959 1687 4011 qua
1722 3941 1959 3996 mollitia
1995 3957 2119 3995 cum
2157 3940 2506 4009 liquescimus
2538 3939 2890 4007 fluimusque.

431 4031 540 4085 Das
578 4031 697 4085 Bild
734 4048 850 4085 vom
888 4031 1183 4085 Zerfliessen
1229 4032 1286 4086 in
1335 4031 1469 4084 Lust
1515 4030 1623 4085 und
1662 4030 2005 4097 Schwelgerei
2055 4029 2184 4082 wird
2228 4028 2284 4082 in
2331 4029 2495 4081 vielen
2542 4025 2891 4095 Wendungen

432 4121 756 4191 konsequent
792 4120 1170 4188 durchgeffihrt
1203 4123 1256 4188 (‚,
1273 4121 1504 4174 diffluere
1541 4121 1673 4186 otio;
1729 4119 2073 4190 liquefaciunt
2111 4118 2469 4189 voluptatibus
2484 4118 2514 4143 “
2567 4116 2632 4182 V,
2671 4115 2778 4180 16).
2817 4143 2891 4153 ··—

433 4211 558 4278 apis
607 4208 884 4278 aculeum]
933 4210 1168 4263 erinnert
1218 4227 1286 4263 an
1336 4210 1431 4263 das
1479 4209 1941 4263 Anakreontikon:
1992 4203 2164 4278 Ἔρως
2203 4204 2331 4262 ποτ’
2385 4209 2445 4261 ἐν
2480 4207 2699 4282 ῥόδοισι
2731 4203 2740 4273 Ι
2772 4225 2891 4258 κοι-

429 4301 688 4372 μώμενος
718 4303 989 4372 μέλιτταν
1018 4301 1026 4367 Ι
1060 4302 1157 4353 οὐκ
1193 4300 1353 4364 εἶδεν,
1393 4295 1503 4353 ἀλλ’
1547 4296 1791 4373 &Qui-9²²1!
1829 4301 1927 4351 τὸν
1964 4298 2238 4351 δάκτυλον
2275 4299 2599 4367 πατᾶχθεις.

578 4401 603 4440 5
616 4402 659 4441 s.
696 4388 1042 4455 rusticanus]
1081 4387 1410 4442 verschieden
1440 4404 1536 4441 von
1564 4387 1822 4442 rusticus.
1858 4413 1922 4424 =--
1955 4386 2124 4456 plane
2151 4386 2265 4453 viar]
2306 4386 2420 4453 „im
2448 4384 2617 4439 vollen
2646 4382 2774 4435 Sinn
2802 4382 2893 4436 ein
