3221 4850
434 277 539 339 122
1225 280 1641 336 Tusculanarum
1676 281 2091 349 disputationum

435 444 544 525 qui
589 443 675 506 sit
719 443 812 507 ita
855 445 1161 521 moratus,
1206 443 1300 507 ita
1345 444 1556 508 animo
1604 462 1680 508 ac
1718 444 1853 508 vita
1884 445 2293 522 constitutu3‚
2340 446 2415 508 ut
2460 445 2624 509 ratio
2668 447 2929 527 postu-

430 551 570 614 lat?
619 550 729 632 qui
775 550 1173 634 disciplinam
1219 569 1403 615 suam
1451 570 1573 615 non
1622 551 2114 615 ostentationem
2159 552 2475 629 scientiae,
2524 552 2635 616 sed
2678 552 2924 633 legem

433 656 599 720 vitae
659 658 894 740 putet?
965 657 1076 739 qui
1134 657 1529 740 obtemperet
1586 657 1722 741 ipse
1782 658 1903 722 sibi
1963 659 2030 722 et
2090 658 2363 723 decretis
2424 658 2558 722 suis
2617 661 2854 741 pareat
2873 660 2919 721 Ρ

345 784 406 828 12
430 762 663 828 Videre
717 763 868 828 licet
922 764 1079 828 alios
1138 766 1324 829 tanta
1381 765 1642 829 levitate
1702 767 1768 829 et
1811 765 2184 843 iactatione,
2243 769 2319 830 ut
2375 766 2454 830 iis
2512 764 2707 829 fuerit
2761 784 2918 829 non

430 870 721 935 didicisse
768 870 1017 948 meliuS‚
1065 871 1220 935 alios
1266 875 1572 955 pecuniae
1621 872 1908 955 cupidos,
1955 872 2193 954 gloriae
2239 873 2603 949 nonnullos,
2647 873 2913 936 multos

426 977 760 1041 libidinum
821 996 1061 1055 servos,
1126 979 1202 1042 ut
1261 997 1407 1043 cum
1468 997 1686 1043 eorum
1745 979 1880 1043 vita
1938 979 2316 1044 mirabiliter
2370 982 2614 1063 pugnet
2668 979 2910 1044 oratio,

428 1082 611 1163 Quod
659 1082 916 1166 quidem
962 1084 1120 1148 mihi
1165 1085 1419 1149 videtur
1465 1104 1605 1150 esse
1651 1086 2115 1168 turpissimum.
2199 1086 2295 1151 Ut
2341 1087 2528 1164 enim,
2575 1086 2628 1150 si
2675 1105 2912 1168 gram-

426 1191 736 1255 maticum
792 1209 860 1255 se
920 1190 1242 1274 professus
1291 1192 1607 1275 quispiam
1663 1193 1930 1257 barbare
1985 1193 2285 1274 loquatur
2330 1196 2446 1258 aut
2500 1194 2555 1257 si
2610 1192 2909 1257 absurde

427 1299 617 1362 canat
674 1297 759 1375 is,
832 1298 941 1380 qui
1000 1317 1067 1362 se
1125 1298 1345 1362 haberi
1410 1298 1564 1363 velit
1623 1299 1940 1364 musicum
1960 1347 1975 1376 ,
2043 1299 2164 1364 hoc
2222 1300 2468 1383 turpior
2529 1299 2643 1377 sit,
2715 1299 2904 1381 quod

424 1404 491 1468 in
562 1423 633 1468 eo
700 1405 837 1487 ipso
903 1407 1153 1487 peccet,
1221 1405 1403 1470 cuius
1471 1405 1806 1489 profitetur
1875 1406 2239 1484 scientiam,
2310 1407 2400 1471 sic
2466 1407 2893 1489 philosophus

424 1511 491 1575 in
551 1511 717 1576 vitae
777 1512 1019 1576 ratione
1078 1531 1347 1596 peccans
1405 1513 1527 1577 hoc
1580 1513 1827 1596 turpior
1886 1515 2011 1590 est,
2072 1514 2240 1594 quod
2293 1514 2360 1577 in
2408 1512 2640 1589 officio,
2701 1513 2895 1577 cuius

424 1618 732 1699 magister
799 1636 937 1682 esse
1006 1619 1173 1697 vult,
1242 1620 1482 1684 labitur
1548 1621 1881 1702 artemque
1949 1620 2116 1685 vitae
2179 1619 2502 1704 professus
2570 1620 2896 1703 delinquit

424 1724 492 1786 in
538 1724 687 1787 vita.

363 1840 403 1901 5
604 1830 685 1893 A.
744 1831 969 1895 Nonne
1015 1831 1365 1896 verendum
1409 1835 1510 1897 est
1554 1833 1768 1915 igitur,
1816 1833 1871 1897 si
1916 1835 2016 1897 est
2058 1835 2167 1911 ita,
2213 1837 2288 1898 ut
2335 1833 2508 1911 (11616,
2553 1853 2633 1898 116
2680 1834 2894 1917 philo-

428 1938 718 2021 sophiam
771 1937 936 2002 falsa
990 1939 1189 2020 gloria
1246 1942 1554 2004 exornes?
1647 1939 1829 2019 Quod
1892 1943 1992 2005 est
2054 1941 2225 2005 enim
2281 1941 2490 2005 maius
2548 1959 2896 2022 argumen-

427 2048 567 2110 tum
613 2046 773 2109 nihil
820 2064 963 2110 eam
1008 2046 1306 2128 prodesse
1343 2066 1536 2129 quam
1583 2047 1894 2129 quosdam
1939 2047 2252 2130 perfectos
2299 2048 2701 2131 philosophos
2749 2050 2896 2111 tur-

425 2153 589 2235 piter
634 2154 891 2216 vivere?

343 2280 404 2323 1³
604 2259 702 2323 M.
764 2260 1032 2324 Nullum
1080 2280 1226 2325 vero
1272 2261 1337 2324 id
1385 2261 1642 2343 quidem
1691 2264 2139 2344 argumentum
2188 2263 2303 2326 est.
2394 2262 2565 2326 Nam
2617 2263 2694 2325 ut
2748 2261 2893 2343 agri

426 2387 551 2432 non
598 2385 816 2431 omnes
862 2366 1149 2450 frugiferi
1196 2370 1366 2446 sunt,
1414 2369 1523 2451 qui
1571 2368 1883 2448 coluntur,
1929 2369 2291 2452 falsumque
2337 2368 2498 2434 illud
2545 2368 2750 2434 Accii:

425 2668 545 2705 man
581 2651 911 2717 vornehmen‚
948 2651 1032 2704 bis
1070 2668 1187 2705 man
1226 2652 1375 2705 einen
1410 2650 1577 2705 findet
1605 2676 1676 2696 =--
1719 2653 1847 2719 „wie
1885 2654 2082 2721 wenige
2122 2653 2312 2707 doch“.
2367 2682 2430 2691 ·-
2469 2653 2557 2707 ita
2595 2653 2780 2707 animo
2817 2671 2888 2708 ac

428 2741 541 2794 vita
577 2741 930 2808 constitutus]
970 2782 1001 2808 „
1018 2741 1114 2794 hat
1150 2741 1263 2794 eine
1301 2741 1474 2795 solche
1512 2740 1756 2796 Gemiits-
1792 2742 1900 2796 und
1937 2742 2504 2810 Lebensverfassung“.
2537 2771 2601 2781 —
2631 2742 2883 2810 decretis]

426 2832 707 2903 δόγματα,

576 2932 653 2974 12.
708 2918 892 2974 videre
938 2919 1081 2986 licet]
1132 2921 1343 2982 ἔξεστιν
1380 2921 1524 2973 ἰδεῖν
1598 2961 1629 2987 ,,
1646 2937 1766 2973 man
1802 2920 1942 2973 kann
1981 2920 2139 2973 seben
2156 2922 2205 2974 “.
2245 2950 2312 2958 -
2353 2922 2569 2977 levitate
2614 2927 2668 2975 et
2703 2923 2882 2976 iacta-

425 3008 600 3075 tione]
631 3007 1215 3077 ‚‚Charakterlosigkeit
1242 3008 1351 3061 und
1379 3008 1959 3076 Selbstiiberhebung“.
1997 3038 2069 3047 -
2106 3010 2439 3064 mirabiliter
2463 3010 2701 3078 puynat]
2730 3013 2884 3076 „auf-

444 3098 618 3150 allend
664 3097 1043 3167 widerspricht,
1083 3098 1457 3151 widerstreitet
1470 3098 1518 3151 “.
1573 3128 1641 3137 —
1689 3098 2115 3166 yrammaticum
2161 3114 2217 3153 se
2262 3099 2565 3168 professus]
2619 3099 2882 3166 Profiteri

425 3189 909 3256 (ἐπαγγέλλεσθαι)
944 3188 1044 3239 mit
1080 3186 1375 3256 doppeltem
1412 3187 1707 3240 Akkusativ
1756 3229 1785 3253 ,‚
1804 3188 1914 3241 sich
1951 3188 2222 3241 offentlich
2268 3189 2348 3241 als
2397 3192 2560 3242 etwas
2597 3190 2877 3255 bekennen,

427 3275 537 3329 sich
573 3277 850 3340 nennen“;
880 3274 1161 3343 professio
1188 3276 1284 3328 wie
1311 3293 1470 3330 unser
1507 3276 1884 3341 ‚,Profession“
1924 3277 2121 3343 (Beruf‚
2161 3275 2457 3342 Geschiift);
2488 3277 2773 3347 professor
2799 3278 2878 3331 fur

428 3364 704 3431 „Lehrer“
744 3365 837 3417 der
870 3364 1126 3418 Rhetorik
1166 3383 1213 3418 u.
1255 3381 1301 3418 a.
1339 3365 1415 3418 ist
1445 3366 1652 3434 jiinger.
1696 3394 1758 3403 —
1812 3366 2048 3420 barbare
2085 3366 2370 3436 loquatur]
2407 3366 2590 3421 Neben
2628 3368 2720 3421 der
2756 3368 2877 3421 Lek-

427 3457 544 3507 11116
590 3454 667 3507 ist
716 3454 799 3506 die
842 3454 993 3508 ratio
1039 3454 1298 3523 loquendi
1334 3454 1743 3524 Hauptaufgabe
1781 3455 1873 3508 der
1911 3453 2265 3517 Grammatik;
2317 3456 2391 3509 sie
2426 3456 2525 3509 hat
2569 3456 2669 3509 den
2712 3458 2874 3511 soloe-

427 3543 625 3596 cismus
649 3542 979 3610 (feblerhafte
1005 3543 1479 3608 Konstruktionen)
1507 3545 1616 3598 und
1645 3544 1741 3597 den
1772 3544 2148 3599 barbarismus
2173 3545 2502 3611 (fehlerhaste
2528 3546 2875 3616 Aussprache)

427 3632 861 3686 hintanzuhalten
910 3633 1001 3699 (ne
1049 3633 1269 3687 verbum
1306 3674 1319 3688 .
1340 3674 1354 3688 .
1376 3673 1390 3685 .
1427 3634 1617 3688 vitiose
1662 3634 1966 3701 efferatur).
2022 3664 2087 3672 -
2141 3633 2401 3702 absurde]
2451 3635 2521 3688 im
2573 3636 2731 3688 Sinne
2781 3652 2874 3689 von

428 3721 646 3788 absone,
684 3721 1108 3788 ‚‚misstiinend‘·‘,
1146 3740 1388 3791 wogegen
1428 3722 1538 3776 sich
1576 3723 1671 3776 das
1710 3721 1883 3777 Gchbr
1919 3724 2147 3778 straubt.
2187 3753 2254 3762 -
2291 3725 2394 3778 hoc
2430 3725 2674 3793 turpior]
2713 3749 2778 3767 =
2815 3741 2873 3780 eo

429 3810 664 3878 tvm-pior.
716 3839 783 3848 --
833 3811 899 3863 in
933 3810 1082 3865 vitae
1117 3812 1357 3879 ratione]
1411 3813 1511 3879 „in
1550 3812 1644 3865 der
1679 3811 2134 3881 Lebensffihrung,
2180 3813 2770 3883 Lebensphilosopbie“.
2810 3841 2871 3851 —-

427 3897 721 3966 delinquit]
774 3899 908 3952 wohl
958 3900 1168 3953 absolut
1215 3917 1312 3967 „es
1362 3901 1532 3954 fehlen
1582 3900 1776 3956 lafst“.
1864 3902 1984 3970 Vgl.
2039 3901 2170 3956 Hor.
2227 3906 2327 3957 sat.
2366 3902 2454 3969 ΙΙ,
2491 3904 2552 3970 3,
2599 3903 2736 3957 326:
2787 3901 2871 3969 „0

424 3986 589 4041 maior
626 3987 838 4040 tandem
875 4004 1073 4057 parcas,
1110 3989 1292 4043 insane
1327 3989 1592 4057 (Stoiker),
1629 3990 1819 4044 minori
1834 3992 1883 4045 ⁶⁶.

567 4128 726 4198 Καρ.
777 4129 838 4187 5.
922 4142 1001 4184 13.
1057 4131 1244 4199 Accii]
1298 4131 1397 4184 Die
1445 4132 1763 4210 iambischen
1811 4131 2070 4186 Trimeter
2128 4132 2245 4186 sind
2292 4132 2556 4186 vielleicht
2609 4151 2705 4187 aus
2761 4133 2868 4188 dem

428 4217 706 4284 „Atreus“
733 4219 824 4272 des
851 4216 1069 4289 Accius3
1105 4220 1210 4288 vgl.
1237 4237 1301 4273 zu
1329 4219 1373 4288 I,
1404 4221 1522 4276 107.
1580 4219 1731 4275 Auch
1758 4220 1892 4277 ovid
1918 4222 2045 4289 (Ars
2075 4239 2176 4277 am.
2204 4221 2275 4288 II,
2303 4222 2431 4286 513)
2467 4222 2672 4293 spricht
2710 4239 2867 4291 gegen

427 4304 510 4358 dio
545 4306 899 4376 Anachauung
935 4308 1026 4361 des
1063 4307 1280 4362 Accius:
1332 4350 1362 4376 „
1377 4307 1590 4363 Credita
1636 4327 1739 4365 non
1787 4327 1989 4381 semper
2034 4311 2168 4364 sulci
2204 4327 2318 4363 cum
2357 4310 2563 4365 faenore
2599 4311 2826 4365 reddunt
2837 4311 2868 4338 ‘⁶
