3221 4850
1230 294 1343 348 Lib.
1380 295 1454 361 Π,
1492 311 1537 348 c.
1574 297 1733 350 2-3.
2608 294 2715 355 119

249 476 390 522 esse
437 457 650 522 Latini
697 476 847 521 sane
893 456 1084 521 multi
1127 457 1307 530 libri;
1357 475 1514 537 quos
1559 476 1686 520 non
1734 459 2067 521 contemno
2115 457 2428 539 equidem,
2476 458 2709 541 quippe

249 583 411 645 quos
457 582 812 646 numquam
841 564 1140 644 legerim;
1190 563 1300 627 sed
1350 563 1499 645 quia
1528 563 1910 645 profitentur
1938 563 2060 646 ipsi
2091 564 2200 640 illi,
2249 565 2358 646 qui
2403 582 2509 628 eos
2556 565 2709 630 scri-

246 672 438 748 bunt,
496 689 563 735 se
609 689 815 753 neque
864 670 1160 734 distincte
1207 688 1414 751 neque
1463 670 1802 734 distribute
1856 689 2064 752 neque
2123 672 2446 753 eleganter
2499 690 2706 754 neque

246 780 471 841 ornate
534 778 836 854 scribere,
894 777 1230 841 lectionem
1294 778 1429 841 sine
1487 778 1624 841 ulla
1686 777 2101 842 delectatione
2161 779 2446 860 neglego.
2539 777 2706 857 Quid

248 885 420 947 enim
468 885 684 948 dicant
730 887 795 948 et
843 884 995 965 quid
1041 883 1323 947 sentiant
1366 885 1438 961 ii,
1501 886 1609 966 qui
1659 887 1811 948 sunt
1857 884 1936 949 ab
1983 903 2058 949 ea
2105 884 2460 968 disciplina,
2518 904 2704 950 nemo

245 1010 328 1054 ne
382 990 784 1055 mediocriter
833 990 1091 1072 quidem
1138 990 1362 1055 doctus
1418 992 1688 1072 ignorat.
1781 990 1989 1070 Quam
2036 993 2115 1056 ob
2160 1011 2324 1069 rem,
2387 992 2704 1074 quoniam,

246 1097 786 1178 quemadmodum
849 1097 1092 1174 dicant,
1161 1098 1284 1180 ipsi
1342 1117 1468 1161 non
1529 1099 1851 1175 laborant,
1912 1118 2025 1164 cur
2080 1098 2331 1180 legendi
2391 1100 2521 1164 sint
2579 1100 2705 1164 nisi

245 1203 369 1284 ipsi
413 1204 582 1268 inter
628 1222 713 1280 se,
762 1204 871 1285 qui
916 1204 1086 1268 idem
1118 1205 1424 1282 sentiunt,
1469 1224 1594 1268 non
1640 1206 1958 1287 intellego.
2032 1205 2219 1283 Nam,
2264 1208 2342 1270 ut
2370 1206 2753 1271 Platonems

243 1311 650 1392 reliquosque
701 1310 1053 1375 Socraticos
1101 1313 1167 1375 et
1215 1312 1509 1394 deinceps
1556 1331 1688 1387 eos,
1750 1313 1861 1393 qui
1914 1314 1994 1377 ab
2050 1312 2152 1376 his
2213 1311 2480 1396 profecti
2534 1316 2703 1391 sunt,

244 1417 471 1498 legunt
516 1436 763 1494 omneS,
824 1418 1019 1481 etiam
1067 1418 1178 1499 qui
1233 1418 1347 1481 illa
1394 1419 1509 1482 aut
1552 1437 1680 1482 non
1728 1420 2082 1502 approbant
2128 1421 2244 1483 aut
2287 1437 2415 1483 non
2461 1420 2704 1484 studio·

245 1523 496 1588 sissime
552 1526 1026 1601 consectantur,
1086 1524 1436 1607 Epicurum
1495 1528 1715 1589 autem
1775 1527 1841 1589 et
1887 1525 2321 1590 Metrodorum
2382 1545 2510 1590 non
2569 1525 2700 1590 fere

244 1737 388 1790 ihrer
424 1737 672 1808 saloppen
710 1737 815 1790 Art
851 1736 944 1789 (lar
978 1736 1325 1805 Darstellung
1360 1737 1569 1803 (ebenso
1606 1737 1841 1808 Epikur).
1885 1767 1949 1776 ·-
1987 1738 2195 1806 quippe
2231 1737 2385 1806 quos]
2438 1780 2469 1805 „
2485 1737 2568 1791 die
2616 1738 2703 1791 ich

237 1826 345 1894 ja‘·
384 1827 508 1881 oder
544 1826 938 1897 parenthetisch
977 1826 1153 1891 „habe
1189 1826 1274 1879 ich
1311 1827 1387 1879 sie
1423 1826 1618 1881 doch“.
1671 1856 1738 1866 —
1786 1843 1960 1896 neque
1997 1827 2253 1882 distincte
2298 1843 2471 1896 neque
2507 1828 2702 1883 distri·

245 1916 398 1984 bute]
437 1917 641 1980 „weder
679 1915 1041 1982 durchsichtig
1077 1915 1210 1968 noch
1246 1916 1580 1982 gegliedert“
1619 1916 1675 1969 in
1713 1916 1807 1969 der
1842 1916 2192 1984 Behandlung
2227 1919 2319 1969 des
2355 1916 2572 1983 Stoffes3
2613 1917 2700 1972 di·

242 2006 443 2059 siinctc
479 2005 591 2058 hier
621 2005 769 2057 nicht
804 2005 874 2057 im
901 2003 1058 2057 Sinne
1087 2004 1179 2056 der
1201 2004 1474 2069 Rhetorik,
1511 2006 1735 2058 sondern
1772 2006 1864 2057 der
1890 2005 2053 2072 Logik
2079 2006 2385 2073 gebraucht.
2428 2034 2492 2044 —
2530 2022 2701 2074 neque

242 2095 520 2162 eleyautcr
542 2110 714 2163 neque
740 2093 956 2160 ornate]
987 2093 1190 2157 „weder
1216 2092 1446 2159 gewahlt
1471 2094 1624 2159 (nach
1647 2094 1739 2146 der
1757 2094 1923 2147 Lehre
1944 2093 2036 2146 der
2054 2096 2247 2164 ἐκλογὴ
2265 2105 2373 2147 τῶν
2391 2095 2702 2166 ὀνομάτων)

244 2182 379 2234 noch
410 2182 822 2249 geschmtickt“;
855 2181 937 2234 die
955 2181 1316 2252 Hauptmittel
1337 2182 1427 2235 des
1446 2181 1759 2235 Schmuckes
1790 2182 1907 2235 sind
1929 2182 2011 2235 die
2031 2181 2211 2236 Wort·
2248 2182 2354 2235 und
2368 2181 2701 2249 Sinnfiguren

241 2274 333 2336 (-—-
374 2271 630 2325 distincte
666 2271 719 2324 in
758 2271 1001 2324 auderem
1037 2271 1197 2324 Sinne
1234 2272 1314 2324 als
1364 2272 1541 2337 oben),
1589 2272 1894 2339 Rhythmus
1931 2272 2039 2325 und
2075 2271 2324 2337 Melodie;
2375 2288 2471 2325 aus
2521 2272 2698 2325 diesen

242 2360 548 2431 entspringt
596 2360 679 2413 die
726 2359 1032 2415 delectatio.
1115 2361 1213 2414 Die
1261 2360 1496 2429 gleichen
1546 2361 1812 2415 Vorwiirfe
1859 2360 1990 2414 laist
2035 2362 2213 2416 Cicero
2263 2361 2439 2414 seinen
2489 2360 2698 2414 Freund

244 2450 410 2504 Varro
441 2450 597 2503 Acad.
617 2454 755 2520 post.
784 2450 827 2513 Ι,
847 2451 881 2503 5
909 2451 1285 2520 aussprechen:
1322 2450 1513 2517 „Vides
1543 2492 1555 2504 .
1579 2492 1590 2505 .
1615 2493 1627 2505 .
1657 2468 1759 2505 non
1787 2468 1940 2521 posse
1976 2468 2072 2505 nos
2102 2450 2345 2504 Amafinii
2374 2455 2470 2504 aut
2496 2451 2699 2505 Rabirii

244 2539 442 2593 similes
479 2556 608 2598 esse.
646 2540 736 2610 qui
773 2541 921 2593 nulla
956 2544 1072 2593 arte
1107 2540 1346 2593 adhibita
1383 2540 1446 2593 de
1475 2541 1630 2594 rebus
1659 2544 1782 2594 ante
1810 2541 1986 2595 oculos
2014 2540 2202 2611 positis
2232 2540 2434 2608 vulgari
2464 2557 2698 2594 sermone

242 2628 537 2698 disputant,
575 2629 707 2682 nihil
744 2628 1016 2694 definiunt,
1055 2629 1186 2683 nihil
1214 2631 1533 2699 partiuntur,
1571 2630 1704 2683 nihil
1740 2634 1866 2700 apta
1905 2630 2315 2697 interrogatione
2360 2629 2698 2694 concludunt,

244 2717 443 2770 nullam
484 2717 706 2787 denique
742 2722 912 2771 artem
949 2735 1062 2772 esse
1100 2736 1196 2771 nec
1235 2718 1436 2772 dicendi
1472 2736 1566 2772 nec
1602 2719 1891 2772 disserendi
1929 2720 2134 2787 (Logik)
2183 2720 2439 2789 putant“.
2492 2748 2560 2757 —
2597 2720 2696 2772 lec·

244 2806 466 2874 tionem]
507 2806 666 2872 „eine
704 2807 1003 2872 Lektiire“;
1056 2824 1113 2860 so
1149 2808 1458 2861 bezeichnen
1506 2808 1589 2861 die
1626 2808 2153 2862 Verbalsubstantiva
2187 2807 2350 2861 ofters
2386 2806 2696 2874 Konkretes,

240 2896 492 2963 scriptio,
527 2901 684 2950 satus
708 2899 757 2963 (s
811 2896 843 2965 ξ
882 2896 985 2961 13).
1030 2924 1094 2934 -
1131 2902 1264 2950 swnt
1302 2897 1372 2951 ab
1410 2912 1476 2950 ca
1513 2896 1835 2966 disciplima]
1887 2897 2102 2963 „dieser
2137 2896 2327 2949 Schule
2375 2897 2697 2965 anhangen“

240 2985 407 3049 (εἶναι
425 2987 540 3039 ἀπό
568 2985 763 3050 τινος);
792 2985 896 3053 vgl.
926 2985 1169 3053 Epicuri
1198 2985 1264 3038 de
1287 3001 1450 3055 φερε
1468 3002 1713 3054 porcum.
1734 3021 1804 3032 —
1821 2985 2167 3040 mediocriter
2187 2985 2400 3053 doctus]
2438 2986 2697 3052 „einiger-

243 3074 440 3126 massen
461 3074 754 3139 gebiidet“,
776 3090 1016 3128 unserem
1035 3074 1361 3142 Schlagwort
1380 3075 1879 3142 ,.halbgebildeter“
1900 3075 2048 3128 nicht
2065 3091 2197 3143 ganz
2219 3074 2612 3144 entsprechend.
2631 3103 2693 3112 --

242 3162 696 3232 quemadmodum
732 3163 951 3230 dicant]
992 3180 1122 3230 „um
1160 3164 1244 3217 dio
1281 3163 1435 3217 Form
1473 3163 1566 3216 der
1601 3164 2008 3231 Darstellung“;
2047 3181 2106 3218 so
2134 3165 2186 3218 in
2217 3164 2309 3216 der
2332 3154 2699 3232 Ubersetzung

242 3250 423 3317 hanfig
454 3252 715 3317 (relative)
742 3251 1070 3305 Nebensiitze
1099 3252 1261 3305 durch
1291 3252 1636 3306 substantiva
1672 3269 1735 3305 zu
1762 3253 1954 3319 geben:
1984 3270 2026 3307 z.
2047 3252 2108 3306 B.
2138 3253 2318 3307 weiter
2343 3256 2505 3306 unten
2535 3252 2696 3322 quid-

240 3340 382 3408 quid
417 3341 616 3395 litteris
662 3341 956 3396 mandetur
992 3341 1180 3409 „jedes
1218 3341 1729 3395 schriftstellerische
1766 3341 1988 3396 Werk“.
2025 3372 2094 3380 —
2130 3342 2281 3396 inter
2315 3358 2387 3410 se,
2425 3342 2523 3411 qui
2550 3342 2696 3397 idem

240 3430 513 3496 sentiwnt]
554 3431 653 3496 „in
692 3430 898 3484 Zirkeln
934 3446 1034 3484 von
1071 3430 1297 3495 solchen‚
1336 3431 1526 3483 welche
1563 3430 1647 3482 die
1682 3430 1883 3498 gleiche
1909 3429 2267 3500 Auschauung
2301 3430 2471 3484 haben
2487 3433 2517 3457 “
2557 3430 2696 3499 (dass

244 3520 336 3571 auf
367 3519 451 3571 die
486 3517 641 3572 Form
678 3519 853 3573 nichts
892 3537 953 3572 zu
989 3521 1156 3588 geben
1194 3520 1319 3586 sei);
1377 3520 1481 3589 vgl.
1519 3521 1713 3573 unten:
1753 3520 1851 3588 qui
1885 3520 1990 3574 illa
2025 3528 2168 3575 recte
2206 3521 2322 3575 dici
2340 3525 2552 3591 putant
2588 3521 2695 3574 und

243 3607 288 3672 Ι,
324 3608 389 3661 8:
429 3609 563 3677 „qui
600 3608 814 3661 eandem
851 3609 1117 3662 licentiam
1154 3608 1413 3662 scribendi
1451 3610 1551 3662 sibi
1587 3609 1825 3678 permitti
1864 3610 2111 3663 volunt“.

388 3708 435 3752 8.
474 3702 541 3750 ut
562 3696 847 3751 Platonem
878 3738 890 3751 .
913 3738 958 3751 ..
988 3697 1304 3766 Epicurum
1332 3703 1513 3751 autem
1542 3738 1556 3751 .
1578 3739 1590 3751 .
1615 3740 1626 3751 .
1655 3699 1737 3752 sic
1764 3697 1883 3765 hos]
1913 3697 2103 3752 Stelle:
2144 3698 2284 3765 „wie
2311 3697 2459 3751 einen
2478 3697 2696 3769 Epikur‚

241 3786 486 3839 wahrend
523 3786 673 3839 einen
711 3785 864 3840 Plato
905 3828 950 3840 ..
974 3828 1004 3853 .,
1042 3804 1099 3839 so
1137 3787 1277 3839 diese
1317 3828 1328 3840 .
1352 3828 1364 3840 .
1387 3788 1453 3841 .“.
1527 3786 1710 3840 Neben
1748 3785 1905 3840 Plato
1943 3787 2147 3840 werden
2197 3804 2241 3840 z.
2278 3787 2339 3841 B.
2380 3786 2696 3840 Aristoteles

243 3875 347 3928 und
384 3875 716 3945 Theophrast
751 3875 829 3929 als
868 3876 1087 3929 Meister
1123 3877 1215 3929 der
1250 3875 1402 3930 Form
1440 3877 1703 3944 geriihmt.
1756 3906 1823 3914 —
1874 3893 1992 3931 nou
2040 3876 2435 3932 studiosissime
2484 3892 2694 3932 consec-

242 3962 466 4032 tantur]
506 3964 703 4030 „nicht
738 3965 929 4032 gerade
965 3964 1066 4017 mit
1102 3964 1345 4018 Vorliebe
1382 3965 1650 4018 betreiben
1669 3967 1718 4020 “.
1767 3994 1832 4004 —
1883 3963 2225 4034 Epicurum]
2271 3965 2546 4033 Dionysios
2595 3981 2694 4019 von

243 4051 636 4120 Halikarnasos,
674 4053 757 4107 ein
795 4053 1151 4107 bedentender
1186 4053 1405 4120 Rhetor,
1443 4054 1538 4106 der
1571 4054 1644 4108 29
1681 4072 1728 4109 v,
1766 4053 1888 4109 chr.
1926 4054 2060 4108 nach
2096 4054 2228 4108 Rom
2264 4055 2402 4119 kam,
2440 4058 2562 4122 sagt
2609 4053 2695 4120 (de

239 4159 403 4212 comp.
443 4160 494 4213 p.
540 4143 640 4197 188
652 4143 751 4209 R):
807 4143 958 4210 „Der
992 4141 1132 4198 Chor
1170 4142 1263 4196 der
1297 4142 1613 4213 Epiknreer,
1666 4144 1832 4197 denen
1867 4143 2045 4197 nichts
2081 4160 2147 4197 an
2185 4144 2327 4197 einer
2361 4142 2695 4196 kunstvollen

241 4229 596 4300 Wortfiigung
630 4231 793 4300 negt,
844 4231 1047 4285 kommt
1094 4231 1209 4285 hier
1245 4231 1394 4285 nicht
1428 4232 1483 4286 in
1521 4231 1792 4288 Betracht.
1864 4232 2065 4303 Epilmr
2112 4232 2279 4285 selbst
2327 4231 2555 4297 erklart,
2606 4230 2700 4283 auf

237 4319 338 4373 den
368 4319 472 4374 Stil
508 4320 736 4374 brauche
771 4337 889 4375 man
929 4321 1079 4374 koine
1106 4321 1267 4375 Mfihe
1304 4338 1368 4375 zu
1396 4321 1763 4376 verwenden“.
1802 4347 1870 4359 -·
1906 4319 2308 4389 Metrodorum]
2343 4319 2697 4387 Metrodorus,
