3221 4850
454 315 530 377 68
1251 313 1666 369 Tusculanarum
1703 313 2119 382 disputationum

458 480 525 543 et
570 477 804 543 exculti
852 496 890 542 a
933 478 1306 543 necessariis
1354 476 1636 542 artificiis
1693 475 1774 541 ad
1821 476 2210 558 elegantiora
2256 473 2654 539 defluximus.
2747 474 2915 538 Nam

457 587 523 650 et
577 584 837 649 auribus
893 584 1230 649 oblectatio
1283 602 1520 666 magna
1572 585 1760 667 parta
1818 585 1918 648 est
1970 583 2232 647 inventa
2286 583 2353 646 et
2400 582 2761 665 temperata
2805 600 2915 645 va-

456 691 683 755 rietate
732 694 797 756 et
825 694 1060 756 natura
1105 710 1424 768 sonorum,
1470 692 1537 756 et
1567 693 1744 756 astra
1774 691 2174 774 suspeximus
2222 708 2369 754 cum
2409 706 2502 765 ea,
2549 706 2712 770 quae
2759 689 2913 752 sunt

453 796 646 861 infixa
691 797 881 862 certis
912 799 1085 875 lociS,
1131 799 1272 863 tum
1317 798 1431 862 illa
1474 816 1604 862 non
1648 816 1736 875 re,
1783 796 1895 861 sed
1925 796 2229 862 vocabulo
2276 795 2591 868 errantia;
2641 813 2913 879 quorum

456 905 892 969 conversiones
951 923 1298 987 omnesque
1352 906 1567 970 motus
1616 904 1727 987 qui
1772 903 1982 968 animo
2027 902 2216 979 vidit,
2273 902 2329 967 is
2378 900 2594 966 d‘ocuit
2638 901 2912 965 similem

368 1029 431 1070 ca
456 1012 742 1075 animum
789 1031 978 1077 suum
1035 1011 1172 1077 eius
1220 1030 1387 1085 esse,
1449 1011 1560 1093 qui
1606 1029 1682 1075 ea
1727 1009 2074 1075 fabricatus
2132 1010 2303 1074 esset
2347 1009 2415 1072 in
2460 1009 2651 1073 caelo.
2741 1007 2911 1072 Nam

456 1137 601 1182 cum
636 1118 1044 1183 Archimedes
1074 1119 1284 1195 lunae,
1330 1118 1497 1195 solia
1533 1118 1815 1199 quinque
1846 1117 2198 1182 errantium
2228 1116 2443 1179 motus
2474 1115 2542 1178 in
2572 1115 2913 1197 sphaeram

453 1224 761 1306 inligavit,
809 1223 1015 1289 effecit
1044 1224 1231 1301 idem,
1280 1223 1446 1306 quod
1477 1224 1604 1301 ille,
1652 1224 1860 1305 quiin
1888 1224 2145 1288 Timaeo
2191 1222 2506 1286 mundum
2540 1221 2913 1298 aedificavit,

456 1330 743 1399 Platonis
791 1331 980 1408 deus,
1039 1333 1116 1394 ut
1162 1330 1466 1395 tarditate
1523 1333 1590 1395 et
1637 1330 1962 1395 celeritate
2010 1329 2466 1394 dissimillimos
2513 1332 2725 1392 motus
2785 1347 2918 1391 una

453 1440 704 1519 regeret
747 1438 1086 1502 conversio.
1170 1437 1353 1516 Quod
1387 1437 1441 1502 si
1485 1438 1552 1501 in
1583 1438 1703 1501 hoc
1746 1436 1986 1502 mundo
2015 1436 2154 1501 fieri
2199 1436 2334 1500 sine
2366 1436 2482 1500 deo
2527 1454 2654 1500 non
2686 1436 2917 1517 potest,

453 1562 533 1607 ne
579 1545 644 1608 in
694 1546 965 1627 sphaera
1010 1544 1269 1627 quidem
1325 1545 1579 1610 eosdem
1636 1547 1850 1609 motus
1897 1542 2308 1610 Archimedes
2366 1543 2501 1607 sine
2549 1542 2758 1607 divino
2816 1542 2918 1605 in-

453 1651 636 1731 genio
684 1652 999 1733 potuisset
1043 1652 1300 1716 imitari.

344 1740 432 1801 2⁶
630 1757 791 1821 Mihi
850 1777 997 1822 vero
1053 1777 1134 1822 ne
1188 1759 1348 1822 haec
1404 1758 1663 1840 quidem
1721 1759 1972 1822 notiora
2030 1759 2096 1822 et
2148 1757 2519 1821 inlustriora
2574 1774 2788 1821 carere
2852 1757 2918 1819 vi

366 1826 666 1927 6⁴divina
712 1863 1026 1942 videntur,
1072 1866 1150 1929 ut
1194 1883 1310 1946 ego
1359 1867 1473 1930 aut
1502 1866 1759 1948 poetam
1805 1883 1996 1947 grave
2036 1865 2423 1947 plenumque
2471 1881 2728 1927 carmen
2776 1862 2917 1927 sine

451 1970 712 2034 caelesti
768 1970 980 2052 aliquo
1034 1972 1270 2036 mentis
1325 1971 1637 2036 instinctu
1680 1973 1905 2054 putem
1952 1970 2246 2047 fundere,
2306 1971 2421 2034 aut
2481 1969 2919 2051 eloquentiam

448 2165 524 2218 ad
571 2164 903 2233 elcqautiora
947 2165 1299 2234 defluximus]
1354 2164 1515 2232 „sind
1564 2164 1664 2218 wir
1710 2180 1815 2217 von
1866 2165 1971 2218 den
2008 2164 2384 2232 Schopfungen
2433 2163 2531 2216 der
2564 2162 2675 2216 Not
2720 2162 2776 2215 in
2812 2162 2917 2216 all-

449 2252 742 2307 mahlicher
790 2252 1194 2321 Entwickelung
1244 2252 1622 2322 (defluximus)
1677 2270 1746 2307 zu
1799 2253 1973 2307 denen
2027 2251 2299 2321 (artificia
2353 2269 2422 2305 zu
2477 2253 2764 2321 erganzen)
2814 2252 2917 2305 des

326 2410 349 2419 ᾗ.
449 2340 667 2395 edleren
721 2341 989 2395 Genusses
1045 2341 1163 2409 (der
1213 2340 1455 2396 hoheren
1509 2341 1726 2410 Kultur)
1775 2341 2046 2411 gelangt“.
2106 2372 2171 2381 —
2228 2341 2450 2395 inventa
2498 2382 2510 2393 .
2532 2381 2544 2393 .
2567 2382 2579 2393 .
2626 2342 2914 2410 sonorum]

450 2429 674 2496 „indem
728 2447 853 2484 man
907 2430 1002 2484 das
1050 2431 1255 2485 Wesen
1302 2431 1400 2485 der
1453 2432 1594 2485 (Pone
1652 2431 1949 2486 erforschte
1998 2433 2109 2485 und
2156 2432 2215 2485 in
2264 2431 2380 2485 ihre
2430 2430 2918 2500 Mannigfaltigkeit

449 2518 738 2572 Harmonie
788 2518 1068 2573 brachte“.
1121 2551 1189 2560 —
1238 2525 1393 2574 astra
1438 2520 1806 2590 suspeximus]
1860 2536 2068 2589 „unser
2111 2520 2263 2574 Blick
2313 2520 2479 2574 erhob
2526 2519 2643 2574 sich
2688 2537 2754 2574 zu
2803 2520 2916 2575 den

449 2606 795 2661 Gestirnen“.
825 2638 891 2648 —
919 2609 1169 2663 vocabulo
1195 2608 1465 2679 errantia]
1496 2610 1667 2677 „dem
1692 2609 1903 2663 Namen
1929 2609 2070 2663 nach
2096 2609 2569 2679 Wandelsterne“‚
2609 2615 2914 2678 πλανῆταις

448 2700 777 2753 πλανᾶσθαι
812 2714 1010 2751 errare.
1063 2728 1131 2737 —
1180 2697 1426 2751 similem
1458 2697 1579 2751 eius
1618 2739 1630 2750 .
1653 2738 1665 2750 .
1690 2699 1724 2768 .]
1774 2713 1817 2751 s,
1856 2714 1902 2751 ο.
1942 2697 2035 2752 das
2073 2698 2211 2752 Zitat
2247 2698 2381 2752 iiber
2415 2698 2510 2753 das
2546 2697 2914 2752 Planetarium

448 2786 544 2839 des
580 2784 912 2840 Posidonius,

593 2888 674 2931 ss.
713 2876 1080 2946 Archimedes]
1118 2876 1232 2929 Der
1265 2877 1442 2945 grosse
1478 2876 1903 2945 Mathematiker,
1940 2878 2136 2932 dessen
2173 2877 2314 2931 Grab
2352 2875 2538 2932 Cicero
2575 2876 2654 2930 als
2681 2876 2916 2942 Quastor

449 2964 519 3019 75
553 2980 605 3016 v.
644 2963 768 3018 Chr.
808 2963 894 3018 bei
929 2964 1162 3033 Syrakus
1199 2965 1506 3032 entdeckte‚
1558 2966 1739 3019 wurde
1778 2967 1883 3020 212
1917 2983 1970 3018 v.
2010 2964 2135 3020 Chr.
2187 2965 2273 3018 bei
2326 2965 2424 3018 der
2457 2964 2755 3020 Einnahme
2799 2980 2915 3018 von

445 3050 681 3120 Syl-altus
717 3068 824 3106 von
861 3052 1048 3107 einem.
1072 3053 1375 3108 romischen
1412 3053 1662 3108 Soldaten
1710 3055 1937 3123 getotet3
1987 3054 2216 3109 naheres
2261 3070 2302 3107 S.
2341 3054 2409 3122 V,
2449 3054 2594 3109 6411.
2668 3054 2736 3108 In
2782 3053 2911 3107 dem

445 3137 809 3193 Planetarium
857 3141 953 3195 des
1001 3141 1351 3196 Archimedes
1404 3142 1596 3196 kamen
1644 3143 1730 3197 die
1780 3142 2148 3197 Verhffltnisse
2202 3143 2297 3197 der
2353 3143 2731 3211 Bewegungen
2785 3158 2917 3195 zum

446 3228 729 3282 Ausdruck
763 3227 865 3282 wie
901 3228 957 3282 in
1006 3230 1104 3283 der
1139 3230 1327 3284 Natur.
1380 3262 1448 3271 —
1496 3230 1566 3283 in
1613 3232 1902 3301 sphaeram
1951 3231 2232 3302 iuliyavit]
2284 3232 2382 3300 „in
2432 3232 2581 3285 einer
2615 3228 2916 3285 Himmels-

444 3315 604 3385 kugel
640 3317 987 3371 anbrachte“.
1037 3349 1105 3358 —
1156 3319 1250 3373 ille
1407 3320 1557 3389 deus]
1610 3321 1780 3374 durch
1827 3321 1914 3374 die
1950 3320 2191 3389 Stellung
2238 3336 2401 3387 enger
2444 3319 2657 3386 gefiigt:
2709 3317 2918 3384 „jener

445 3405 697 3474 gottliche
733 3405 1264 3462 Weltbaumeister“.
1315 3439 1383 3448 -—
1429 3409 1497 3462 in
1539 3409 1775 3478 Pimaeo]
1821 3410 1888 3463 In
1924 3409 2045 3462 dem
2082 3408 2271 3476 Dialog
2305 3407 2486 3461 Platos
2500 3446 2513 3473 ,
2563 3407 2668 3460 den
2717 3405 2916 3462 Cicero

446 3494 531 3549 ins
566 3495 901 3552 Lateinische
949 3496 1251 3552 iibersetzte
1266 3537 1280 3565 ‚
1331 3499 1557 3552 erortert
1602 3499 1700 3552 der
1733 3497 2097 3566 Pythagoreer
2131 3495 2356 3550 Timaios
2400 3495 2487 3549 die
2535 3495 2915 3564 Hauptfragen

446 3584 544 3637 der
571 3587 776 3656 φυσικὴ
796 3589 1136 3658 φιλοσοφίας
1163 3586 1462 3641 Entstehen
1490 3587 1600 3639 und
1622 3585 1879 3654 Werden,
1908 3584 2220 3653 Schopfung
2245 3585 2342 3638 der
2358 3584 2651 3639 Weltseele
2674 3602 2727 3638 u.
2758 3601 2804 3639 a.
2835 3615 2914 3626 -—

446 3671 700 3726 tarditate
748 3678 798 3726 et
843 3674 1127 3744 celeritate]
1176 3674 1312 3729 Plat.
1364 3674 1494 3728 Tim.
1544 3676 1707 3730 39A:
1767 3678 1832 3729 τὸ
1876 3678 1983 3748 μὲν
2036 3674 2165 3742 (τῶν
2214 3675 2477 3747 ἀστέρων)
2529 3679 2783 3748 μείζονα,
2841 3679 2915 3730 τὸ

448 3758 506 3814 δ’
549 3763 755 3815 ἐλάττω
789 3766 988 3818 κύκλον
1025 3766 1133 3829 ἰόν,
1183 3771 1460 3819 θᾶττον
1504 3765 1612 3837 μὲν
1647 3766 1717 3818 τὰ
1754 3767 1852 3818 τὸν
1888 3766 2115 3828 ἐλάττω,
2164 3766 2234 3818 τὰ
2271 3766 2336 3819 δὲ
2362 3767 2462 3818 τὸν
2494 3768 2662 3837 μείζω
2696 3765 2911 3835 βραδύ-

448 3868 606 3920 τερον
643 3847 897 3923 περιῄειν.
949 3881 1013 3889 -
1065 3851 1188 3905 sine
1231 3851 1419 3905 divino
1464 3851 1706 3920 ingenio]
1755 3854 1892 3906 etwa
1928 3877 1997 3896 ==
2032 3851 2155 3905 uisi
2187 3850 2476 3921 maenium
2510 3852 2783 3907 habuisset
2816 3851 2914 3904 di·
2947 3896 2953 3900 .

445 3936 655 4004 vinum,
692 3937 858 3992 daher
892 3939 988 3993 der
1021 3939 1286 3994 Nachsatz
1315 3940 1593 4010 potuisset.

588 4062 740 4131 Καρ.
780 4063 883 4119 26.
961 4077 1044 4118 6⁴.
1095 4064 1448 4136 inlustriora]
1499 4081 1768 4136 synonym
1818 4084 1884 4120 zu
1932 4065 2171 4121 notiora:
2226 4067 2423 4135 „mehr
2475 4066 2530 4119 in
2580 4066 2665 4120 die
2715 4069 2914 4134 Augen

446 4150 709 4205 fallend“.
750 4183 818 4193 —
853 4157 915 4206 ut
948 4170 1039 4221 eqo
1077 4194 1089 4206 .
1113 4194 1160 4205 ..
1191 4155 1401 4223 putem]
1440 4155 1602 4223 „dass
1639 4155 1726 4209 ich
1762 4155 1991 4225 glauben
2027 4155 2181 4210 sollte
2193 4158 2241 4208 “.
2276 4186 2338 4196 —-
2373 4174 2538 4226 yrave
2554 4156 2912 4226 plenumque]

449 4240 695 4308 „gehalt-
732 4242 841 4295 und
877 4241 1241 4311 schwungvoll
1254 4245 1285 4273 “
1337 4242 1539 4312 (Inhalt
1571 4245 1683 4297 und
1719 4243 2063 4313 Sprachform
2112 4244 2212 4300 wie
2261 4245 2500 4300 hernach
2546 4244 2632 4298 bei
2666 4245 2763 4297 der
2796 4244 2914 4299 Be-

448 4328 803 4397 redsamkeit).
856 4360 922 4370 —
972 4330 1261 4400 instinctu]
1299 4334 1724 4407 ἐνθουσιασμός.
1775 4365 1843 4374 -
1892 4334 2077 4403 fluere]
2125 4334 2234 4388 Das
2269 4332 2391 4387 Bild
2436 4350 2560 4388 vom
2596 4333 2773 4389 Strom
2807 4334 2917 4389 der
