3221 4850
461 311 534 371 40
1257 308 1675 365 Tusculanarum
1709 308 2125 378 disputationum

463 473 616 538 dam
669 471 962 550 fortuite,
1023 472 1432 545 omittamus;
1492 471 1656 535 nihil
1710 473 1811 535 est
1865 471 2037 535 enim
2093 470 2263 553 apud
2317 471 2506 548 istoS,
2568 466 2736 552 quod
2793 488 2924 541 non

378 597 442 641 2³
466 581 826 644 atomorum
856 579 1046 643 turba
1076 577 1384 643 conficiat.
1450 577 1703 643 Harum
1735 576 2203 641 sententiarum
2237 595 2400 658 quae
2433 595 2583 641 vera
2614 577 2715 653 sit,
2763 575 2930 641 deus

466 686 665 768 aliqui
688 685 950 759 viderit3
985 703 1147 766 quae
1171 684 1307 749 veri
1338 683 1682 762 simillima,
1712 701 1948 765 magna
1973 683 2262 764 quaestio
2295 685 2410 748 est.
2457 683 2696 748 Utrum
2724 682 2931 765 igitur

464 793 632 858 inter
676 792 795 856 has
843 791 1194 857 sententias
1228 790 1574 856 diiudicare
1605 790 1929 854 malumus
1978 809 2061 854 an
2107 789 2187 854 ad
2232 789 2625 873 propositum
2670 789 2928 854 redire?

643 897 727 961 A.
797 896 1112 981 Cuperem
1158 897 1454 979 equidem
1499 900 1878 978 utrumque,
1939 898 1994 961 si
2051 900 2294 980 posset,
2354 896 2465 961 sed
2523 898 2623 961 est
2669 895 2929 961 difficile

466 1004 867 1070 confundere.
959 1003 1170 1083 Quare
1232 1004 1317 1079 si,
1380 1005 1456 1068 ut
1514 1004 1642 1068 ista
1698 1022 1827 1068 non
1885 1003 2318 1082 disserantur,
2384 1003 2639 1068 liberari
2696 1004 2932 1067 mortis

465 1113 646 1176 metu
691 1130 1050 1194 possumne,
1095 1110 1161 1174 id
1194 1128 1496 1193 agamus;
1545 1110 1646 1174 sin
1690 1109 1755 1173 id
1799 1128 1928 1174 non
1972 1111 2186 1193 potest
2229 1110 2354 1174 nisi
2397 1110 2521 1175 hac
2552 1109 2930 1191 quaestione-

468 1219 828 1284 animorum
875 1218 1204 1300 explicata,
1248 1236 1436 1294 nunc,
1483 1217 1537 1281 si
1584 1216 1854 1294 videtur,
1898 1216 2035 1293 hoc,
2080 1215 2242 1280 illud
2288 1216 2466 1281 alias.

644 1323 744 1388 M.
814 1323 1000 1403 Quod
1042 1324 1235 1389 malle
1266 1326 1332 1389 te
1380 1324 1700 1406 intellege,
1745 1322 1811 1386 id
1841 1325 1996 1406 puto
2044 1342 2183 1388 esse
2230 1323 2638 1388 commodius
2713 1322 2814 1387 Εἰ
2820 1322 2852 1386 f
2859 1323 2935 1387 i-

469 1432 633 1498 ciet
680 1432 888 1496 enim
933 1431 1182 1509 ratio,
1242 1432 1361 1508 ut,
1422 1449 1984 1512 quaecumque
2030 1449 2224 1495 vera
2270 1430 2382 1494 sit
2427 1449 2696 1495 earum
2744 1449 2935 1495 sen-—

471 1539 961 1617 tentiarum,
1024 1557 1184 1620 quas
1242 1537 1530 1621 exposui,
1594 1555 1803 1601 mors
1859 1538 2002 1602 aut
2056 1537 2358 1602 malum
2410 1556 2565 1602 non
2620 1538 2733 1601 sit
2792 1537 2940 1601 aut

385 1663 445 1706 2⁴
471 1646 583 1711 sit
626 1647 922 1711 bonum
968 1645 1262 1729 potius.
1351 1645 1521 1709 Nam
1569 1645 1626 1709 si
1672 1663 1777 1709 cor
1823 1646 1938 1710 aut
1985 1645 2245 1726 sanguis
2294 1646 2408 1709 aut
2454 1644 2784 1709 cerebrum
2830 1645 2940 1708 est

472 1753 723 1818 animus
738 1801 753 1831 ,
800 1754 998 1831 certe,
1046 1753 1346 1834 quoniam
1393 1753 1493 1816 est
1538 1770 1783 1834 corpus,
1828 1750 2116 1816 interibit
2161 1770 2308 1816 cum
2351 1750 2596 1832 reliquo
2643 1768 2936 1833 corpore;

472 1860 528 1924 si
573 1860 789 1925 anima
837 1861 966 1938 est,
1021 1858 1291 1924 fortasse
1337 1858 1786 1941 dissipabitur3
1849 1858 1905 1922 si
1949 1858 2146 1940 igniS,
2193 1857 2668 1940 exstinguetur3
2729 1857 2785 1921 si
2831 1857 2941 1921 est

469 1967 832 2032 Aristoxeni
876 1965 1228 2044 harmonia,
1275 1965 1678 2030 dissolvetur.
1770 1963 1939 2044 Quid
1985 1964 2064 2028 de
2110 1964 2499 2029 Dicaearcho
2547 1963 2771 2040 dicam,
2819 1963 2930 2044 qui

470 2074 631 2138 nihil
689 2074 943 2138 omnino
1006 2073 1293 2137 animum
1353 2072 1524 2137 dicat
1580 2074 1766 2137 esse?
1856 2071 1977 2135 His
2035 2071 2369 2136 sententiis
2425 2071 2717 2135 omnibus
2772 2070 2932 2134 nihil

471 2182 620 2263 post
674 2183 946 2244 mortem
999 2180 1315 2263 pertinere
1371 2178 1451 2243 ad
1509 2195 1899 2260 quemquam
1954 2179 2197 2260 potest3
2257 2178 2499 2260 pariter
2554 2178 2722 2241 enim
2782 2196 2932 2242 cum

471 2287 605 2350 vita
652 2305 877 2351 sensus
925 2286 1279 2359 amittitu13
1337 2303 1466 2349 non
1515 2284 1850 2350 sentientis
1898 2287 2149 2361 autem,
2211 2284 2371 2348 nihil
2417 2286 2548 2361 est,
2606 2284 2806 2347 ullam
2865 2285 2932 2347 in

472 2394 723 2477 partem
781 2393 948 2475 quod
1001 2393 1272 2457 intersit.
1365 2392 1784 2475 Reliquorum
1839 2391 2193 2457 sententiae
2251 2410 2430 2475 spem
2488 2390 2814 2469 adferunt,
2878 2390 2938 2456 si

472 2644 666 2696 natura
700 2641 918 2711 rerum).
983 2640 1085 2695 Die
1112 2657 1277 2710 ganze
1298 2640 1460 2708 Welt,
1500 2640 1638 2695 auch
1665 2640 1753 2695 die
1781 2639 1951 2707 Seele,
1989 2638 2227 2694 entsteht
2262 2638 2477 2707 „durch
2506 2637 2793 2707 zufalligen
2821 2640 2935 2692 An-

473 2731 606 2786 stots
642 2728 1184 2800 (Zusammenprall)“
1223 2731 1532 2799 (concursu)
1570 2730 1672 2784 der
1704 2728 1908 2799 glatten
1944 2731 2099 2799 (λεῖα,
2139 2727 2305 2797 levia)
2341 2728 2452 2781 und
2489 2727 2698 2782 runden
2726 2729 2931 2781 Atome.

620 2832 703 2875 23.
752 2820 883 2873 deus
930 2859 942 2871 .
974 2859 987 2872 .
1018 2859 1030 2872 .
1077 2818 1293 2888 viderit]
1345 2835 1512 2888 „mag
1558 2818 1647 2873 ein
1697 2818 1823 2873 Gott
1868 2817 2296 2872 herausfinden“
2333 2816 2564 2886 (Potent.
2602 2842 2673 2861 =
2709 2815 2941 2883 videat);

474 2909 560 2964 die
588 2909 878 2978 Wendung
914 2908 1153 2962 erinnert
1188 2924 1257 2961 an
1293 2908 1380 2962 die
1408 2909 1621 2976 Losung
1655 2907 1729 2959 im
1761 2907 1962 2960 Drama
1996 2906 2167 2959 durch
2203 2905 2308 2958 den
2344 2905 2474 2957 deus
2509 2905 2597 2971 (ex
2629 2904 2939 2973 machina).

475 2998 580 3052 Wo
616 2997 930 3067 gewichtige
965 2997 1305 3051 Autoritaten
1340 2995 1768 3065 gegeneinander
1801 2995 2015 3061 stehen,
2068 2992 2273 3048 enthalt
2307 2992 2423 3046 sich
2461 2992 2646 3048 Cicero
2695 2993 2791 3047 des
2826 2993 2937 3047 Ur-

476 3086 597 3141 teils
651 3087 884 3159 (ἐποχή).
941 3117 1009 3126 -
1057 3085 1422 3155 propositum]
1479 3125 1512 3152 „
1527 3084 1726 3139 Thema
1736 3086 1786 3137 “.
1843 3115 1911 3124 —
1972 3083 2317 3152 confundere]
2374 3081 2726 3151 „vereinigen
2742 3122 2755 3149 ,
2810 3098 2941 3136 ver—

476 3174 783 3229 schmelzen
799 3178 856 3242 “3
906 3174 1006 3227 mit
1038 3173 1264 3229 Absicht
1299 3189 1358 3227 so
1393 3173 1854 3228 verschwommen
1900 3172 2266 3242 ausgedriickt.
2318 3201 2389 3211 —
2434 3176 2497 3226 ut
2530 3171 2642 3226 ista
2675 3188 2786 3225 non
2823 3169 2942 3224 dis·

477 3264 752 3333 scrantur]
790 3303 822 3331 „
836 3263 975 3317 ohne
1010 3263 1127 3318 dats
1161 3262 1285 3331 jene
1322 3263 1528 3332 Fragen
1578 3264 1806 3318 erortert
1840 3261 2169 3332 (klargelegt)
2216 3262 2429 3316 werden
2444 3262 2493 3314 “.
2544 3292 2612 3301 —
2660 3277 2812 3313 nunc
2849 3299 2861 3311 .
2886 3299 2897 3312 .
2922 3300 2938 3311 .

476 3352 594 3421 hoc]
633 3358 858 3421 erganze
906 3368 1170 3421 ayamus3
1219 3351 1323 3405 wie
1370 3352 1444 3405 im
1482 3352 1794 3406 Deutschen
1840 3351 2024 3404 fehlen
2073 3350 2130 3403 in
2180 3349 2399 3404 solchen
2436 3349 2793 3417 Wendungen
2839 3348 2945 3401 mit

483 3440 803 3495 Pronomina
836 3440 948 3493 und
986 3440 1256 3495 Adverbia
1289 3441 1372 3494 oft
1404 3441 1491 3494 die
1526 3441 1720 3495 Verba.

1197 3589 1696 3639 wiederaufnahme
1734 3590 1826 3638 der
1862 3588 2214 3650 Hauptfiage.

625 3688 767 3744 Der
801 3689 934 3744 Tod
970 3689 1130 3744 kein
1165 3680 1370 3745 Ubel:

764 3787 815 3855 a)
853 3803 1046 3841 wenn
1083 3788 1195 3842 die
1233 3787 1486 3843 Seelen
1521 3786 1966 3857 untergehen
2004 3786 2140 3857 (dies
2176 3788 2357 3856 spater
2389 3785 2661 3855 genauer),

769 3876 822 3945 b)
860 3893 1054 3930 wenn
1091 3876 1191 3930 sie
1227 3877 1661 3932 fortdauern.

482 3963 697 4033 efficiet,
735 3969 797 4019 ut
834 4005 846 4017 .
868 4005 881 4018 .
903 4005 916 4018 .
953 3965 1048 4035 sit]
1086 3981 1129 4019 s,
1168 3981 1214 4019 ο.
1255 3966 1287 4034 ξ
1327 3971 1375 4021 6.

628 4073 711 4117 2⁴.
757 4062 1008 4133 sonasse]
1048 4062 1231 4130 „doch
1266 4063 1408 4117 wohl
1423 4064 1471 4116 “.
1522 4094 1590 4103 —
1640 4062 2005 4133 dzbscpabitur
2043 4104 2055 4116 .
2078 4103 2089 4115 .
2114 4103 2125 4115 .
2164 4062 2482 4116 dissolvetur
2520 4103 2531 4116 .
2555 4103 2566 4115 .
2590 4103 2603 4116 .
2640 4062 2949 4130 exstinque-

481 4151 591 4220 ταν]
631 4150 865 4205 Beachte
902 4150 988 4205 die
1025 4150 1377 4229 Festhaltung
1411 4151 1509 4205 der
1542 4151 1729 4205 Bilder
1762 4151 1820 4204 in
1856 4152 1961 4205 den
2000 4151 2363 4207 Zeitwortern.
2402 4183 2470 4191 ——
2515 4150 2667 4204 nihil
2702 4190 2750 4202 ..
2772 4189 2785 4202 .
2815 4166 2950 4219 pcr-

484 4238 656 4294 tincrc
691 4279 704 4293 .
727 4280 739 4292 .
761 4280 775 4293 .
810 4240 997 4309 potest]
1037 4240 1224 4308 „kann
1266 4239 1452 4294 keiner
1485 4256 1591 4295 von
1642 4242 1805 4295 etwas
1844 4281 1857 4294 .
1880 4282 1928 4295 ..
1967 4240 2194 4295 beriihrt
2228 4241 2503 4294 werden“.
2556 4269 2622 4279 -
2672 4255 2786 4291 non
2819 4254 2948 4292 sen-

484 4326 692 4397 tientis]
722 4346 790 4382 zu
816 4328 1062 4383 intersit:
1101 4329 1225 4382 dem
1252 4329 1832 4398 Nichtempfindenden
1860 4329 1988 4399 liegt
2013 4331 2194 4399 daran,
2234 4329 2376 4398 „der
2396 4326 2950 4397 Nichtempfindende

3198 1028 3211 1100 -r
