3221 4850
1284 308 1399 363 Lib.
1436 309 1480 377 1,
1519 325 1565 364 ο.
1605 310 1764 364 2—3.
2680 305 2756 368 25

300 476 517 538 autem
567 492 733 551 eum,
781 473 892 555 qui
935 472 1014 537 iis
1061 474 1272 537 aetate
1319 472 1624 548 anteibat,
1672 470 2000 548 Catonem,
2044 472 2190 554 post
2232 489 2380 536 vero
2420 470 2752 554 Lepidum,

302 579 673 658 Carbonem,
721 580 1062 658 GracchoS,
1107 579 1253 643 inde
1285 579 1378 643 ita
1408 597 1675 660 magnos
1706 579 1996 643 nostram
2043 577 2124 641 ad
2170 580 2466 654 aetatem,
2511 579 2746 642 utnon

298 688 580 752 multum
640 689 754 752 aut
809 686 971 750 nihil
1032 687 1285 750 omnino
1335 685 1594 751 Graecis
1658 684 2007 750 cederetur.
2096 684 2507 766 Philosophia
2551 684 2751 749 iacuit

300 813 503 877 usque
553 795 634 859 ad
677 796 845 859 hanc
891 794 1172 858 aetatem
1215 811 1335 857 nec
1380 793 1588 857 ullum
1632 792 1863 857 habuit
1908 792 2128 856 lumen
2172 791 2537 856 litterarum
2574 791 2751 857 Lati—

299 920 565 976 narum3
628 919 789 984 quae
842 900 1247 965 inlustranda
1293 902 1358 964 et
1403 899 1738 965 excitanda
1781 900 1961 964 nobis
2009 901 2139 976 est,
2199 901 2303 975 ut,
2363 899 2419 962 si
2460 899 2749 981 occupati

300 1008 656 1091 profuimus
720 1007 961 1089 aliquid
1007 1008 1248 1072 civibus
1294 1007 1563 1084 nostris,
1622 1006 1941 1089 prosimus
1989 1005 2216 1082 etiam,
2276 1005 2331 1069 si
2388 1023 2748 1088 possumuS,

303 1115 505 1180 otiosi.
594 1115 672 1178 In
720 1133 844 1197 quo
893 1133 964 1179 eo
1011 1115 1217 1196 magis
1262 1114 1444 1178 nobis
1492 1116 1592 1179 est
1640 1112 2124 1190 elaborandum,
2172 1112 2341 1194 quod
2384 1112 2576 1177 multi
2620 1112 2805 1177 iame

303 1241 441 1287 esse
502 1222 649 1286 libri
706 1222 921 1285 Latini
980 1221 1280 1286 dicuntur
1338 1221 1558 1304 scripti
1614 1220 2080 1285 inconsiderate
2150 1221 2230 1284 ab
2300 1220 2555 1303 optimis
2625 1219 2764 1283 illis.

305 1329 561 1412 quidem
591 1329 763 1407 viriS,
810 1329 922 1394 sed
965 1348 1094 1393 non
1141 1329 1298 1393 satis
1346 1328 1631 1393 eruditis.
1722 1328 1891 1392 Fieri
1936 1330 2155 1392 autem
2200 1328 2430 1411 potest,
2475 1329 2552 1391 ut
2580 1328 2756 1392 recte

306 1437 448 1519 quis
482 1437 718 1501 sentiat
765 1439 831 1501 et
859 1436 943 1513 id,
991 1436 1157 1518 quod
1205 1436 1420 1513 sentit,
1464 1435 1660 1518 polite
1709 1435 1919 1517 eloqui
1962 1453 2088 1498 non
2134 1434 2370 1518 possit3
2419 1433 2530 1498 sed
2575 1452 2755 1497 man-

306 1543 456 1607 dare
507 1561 898 1625 quemquam
955 1542 1187 1606 litteris
1245 1542 1659 1623 cogitationes
1708 1559 1890 1618 suas,
1952 1542 2063 1623 qui
2109 1559 2216 1605 eas
2262 1559 2381 1605 nec
2426 1540 2755 1624 disponere

302 1669 421 1715 nec
465 1650 809 1715 inlustrare
855 1649 1058 1733 possit
1099 1668 1220 1714 nec
1266 1649 1685 1713 delectatione
1733 1648 1950 1730 aliqua
1981 1648 2234 1741 ailigere
2280 1648 2601 1735 lectorem,
2644 1647 2759 1711 ho—

304 1756 496 1821 minis
545 1759 646 1821 est
688 1757 1192 1840 intemperanter
1238 1756 1560 1823 abutentis
1608 1756 1676 1820 et
1721 1755 1847 1820 otio
1894 1757 1960 1820 et
2004 1740 2276 1819 litteriss
2330 1754 2560 1836 Itaque
2607 1772 2758 1818 suos

303 1863 498 1928 libros
553 1863 678 1946 ipsi
735 1864 959 1945 legunt
1018 1883 1165 1928 cum
1225 1863 1357 1927 suis
1414 1882 1535 1928 nec
1594 1863 1939 1945 quisquam
1998 1861 2261 1943 attingit
2319 1862 2574 1945 praeter
2635 1852 2760 1938 eos,

309 1970 420 2052 qui
478 1970 747 2035 eandem
805 1971 1131 2035 licentiam
1190 1969 1504 2035 scribendi
1564 1969 1686 2034 sibi
1744 1969 2032 2052 permitti
2088 1969 2328 2034 volunt.
2433 1966 2647 2046 Quare
2706 1966 2763 2047 si

519 2200 575 2269 3)
612 2200 917 2269 Lepidus
954 2199 1179 2266 (Konsul
1210 2201 1312 2255 137
1339 2197 1575 2268 v.Chr.),
1615 2197 1858 2265 Carb0,
1896 2198 1981 2250 die
2020 2196 2379 2251 Gracchen
2416 2195 2545 2266 (Tib.
2576 2197 2616 2265 †
2643 2196 2763 2263 133,

736 2288 898 2343 Gaius
934 2290 975 2358 †
1012 2291 1113 2344 121
1152 2305 1203 2342 v.
1243 2287 1420 2357 Chr.);

522 2379 577 2448 4)
615 2377 908 2435 Crassus
946 2379 1006 2449 (†
1041 2380 1108 2435 91
1138 2395 1190 2432 v.
1220 2376 1367 2448 Chr.)
1403 2378 1512 2431 und
1549 2375 1921 2445 Antonine,
1961 2374 2247 2432 Catulus
2283 2392 2336 2429 u.
2376 2391 2453 2444 a.;

521 2469 577 2538 5)
613 2467 974 2538 Sulpicius
1008 2468 1119 2521 und
1159 2466 1386 2535 Cotta3

523 2559 578 2627 6)
614 2556 1039 2612 Hortensius
1073 2558 1183 2610 und
1221 2556 1483 2614 Cicer0.
1524 2587 1589 2595 -

306 2647 457 2701 nihil
488 2646 715 2701 omnino
750 2647 1035 2716 cederetur]
1072 2647 1140 2700 In
1174 2647 1272 2700 der
1305 2645 1706 2700 Beredsamkeit
1741 2644 1889 2699 stellt
1923 2645 2038 2699 sich
2075 2644 2261 2701 Cicero
2297 2643 2376 2697 als
2412 2643 2534 2696 dem
2570 2642 2767 2695 Demo-

310 2736 529 2790 sthenes
565 2736 881 2803 ebenbiirtig
915 2735 1025 2787 hin.
1065 2767 1133 2775 —
1170 2734 1526 2804 Philosophia
1559 2734 1758 2804 iacuit]
1797 2735 2092 2803 Gegensatz
2116 2733 2404 2788 excitanda
2437 2738 2528 2787 est.
2569 2763 2638 2772 —
2672 2747 2769 2785 nec

311 2825 491 2879 ullum
533 2824 726 2878 habuit
771 2825 975 2894 lumen]
1025 2824 1162 2893 „hat
1194 2824 1352 2877 keine
1386 2823 1659 2877 lichtvolle
1694 2823 2037 2892 Darstellung
2071 2824 2416 2892 gesunden“;
2466 2821 2637 2876 durch
2684 2821 2769 2875 die

312 2914 532 2969 lumina
567 2913 862 2982 orationis,
912 2929 1018 2967 von
1056 2913 1232 2967 denen
1268 2913 1355 2966 die
1391 2913 1574 2967 Wort-
1612 2913 1722 2966 und
1760 2912 2104 2981 Sinnfiguren
2148 2913 2244 2966 das
2291 2911 2610 2965 allermeiste
2647 2926 2767 2965 aus-

311 3003 565 3071 machen3
604 3002 771 3058 daher
806 3002 946 3057 auch
980 3003 1074 3056 das
1100 3002 1222 3056 Bild
1258 3002 1558 3056 inlustrare
1596 3027 1662 3046 =
1701 3002 2044 3056 inluminare
2082 3027 2146 3046 =
2185 3000 2437 3055 distincte
2472 3001 2661 3055 dicere.
2700 3029 2768 3040 —-

310 3093 669 3147 inlustranda
720 3097 769 3146 et
820 3092 1127 3161 eoecitanda]
1194 3132 1225 3161 „
1240 3091 1558 3145 beleuchten
1613 3092 1723 3145 und
1778 3091 2002 3145 beleben
2018 3092 2075 3159 ³⁴,
2142 3091 2260 3144 eine
2315 3093 2417 3145 Art
2471 3090 2768 3158 Hysteron-

311 3184 579 3250 proteron.
619 3212 687 3221 -
724 3180 909 3250 otiosi]
946 3197 989 3234 e.
1026 3180 1333 3249 Einleitung
1368 3179 1420 3234 S.
1461 3183 1490 3236 1
1507 3181 1571 3233 ff.

461 3283 508 3325 6.
544 3270 825 3340 dicuntur]
866 3269 1053 3326 Cicero
1081 3269 1174 3323 hat
1200 3268 1288 3323 die
1315 3268 1558 3324 schlecht
1583 3269 2004 3338 geschriebenen
2030 3268 2247 3323 Biicher
2274 3268 2421 3322 eines
2451 3266 2769 3333 AmafiniuS,

313 3359 576 3427 Rabirius,
607 3358 789 3416 Catius
815 3358 967 3413 nicht
992 3358 1208 3428 gelesen
1236 3361 1298 3429 (S.
1318 3359 1392 3427 H,
1413 3359 1483 3427 7).
1505 3390 1573 3399 —
1593 3359 2010 3428 inconsiderate]
2042 3356 2350 3427 ‚,planlos“.
2372 3388 2439 3396 —
2460 3356 2527 3411 ab
2545 3354 2772 3425 optimis

312 3448 432 3502 illis
468 3449 705 3518 quidem]
742 3448 868 3501 halb
906 3451 1071 3517 ernst,
1106 3448 1231 3502 halb
1258 3448 1494 3502 ironisch
1520 3465 1626 3503 von
1653 3450 1757 3502 den
1784 3450 2087 3518 genannten
2115 3447 2443 3517 Epikureern
2471 3448 2672 3515 gesagt.
2702 3475 2771 3485 —-

314 3537 479 3592 Fieri
523 3543 707 3592 autem
747 3543 921 3607 potest
958 3579 970 3591 .
994 3578 1040 3591 ..
1077 3538 1268 3607 possit]
1318 3554 1489 3606 gegen
1536 3536 1694 3593 Catos
1731 3537 1854 3592 Satz
1904 3538 2084 3605 „Rem
2127 3540 2280 3604 tene,
2329 3535 2494 3589 verba
2542 3549 2771 3602 sequen-

314 3628 464 3679 tur“.
537 3627 650 3680 Der
706 3626 956 3681 Gedanke
1010 3626 1081 3681 ist
1134 3627 1296 3681 schon
1348 3627 1406 3679 in
1455 3627 1553 3680 der
1600 3626 2042 3681 Aristotelischen
2091 3624 2348 3680 Rhetorik
2400 3623 2573 3693 (Buch
2609 3625 2673 3691 3,
2716 3622 2774 3692 1)

315 3715 533 3770 ahnlich
568 3716 899 3770 formuliert:
952 3719 1018 3771 οὗ
1054 3717 1201 3791 (γὰρ)
1242 3719 1459 3790 ἀπόχρη
1506 3720 1569 3771 τὸ
1615 3719 1761 3789 ἔχειν
1798 3718 1833 3770 ἃ
1872 3718 1961 3771 δεῖ
2008 3721 2212 3787 λέγειν,
2265 3712 2375 3770 ἀλλ’
2421 3717 2633 3785 ἀνάγκη
2678 3718 2773 3768 καὶ

317 3818 492 3861 ταῦτα
529 3810 612 3868 ὡς
640 3807 749 3861 δεῖ
774 3812 1034 3872 εἰπεῖν,
1072 3812 1165 3861 καὶ
1195 3811 1568 3880 συμβάλλεται
1596 3809 1777 3862 πολλὰ
1803 3809 1941 3879 πρὸς
1968 3809 2032 3859 τὸ
2060 3815 2304 3878 φανῆναι
2331 3808 2498 3860 ποιόν
2522 3825 2648 3859 τινα
2675 3806 2773 3858 τὸν

317 3898 499 3966 λόγον.
550 3926 619 3935 —-
668 3895 762 3949 sed
809 3934 821 3948 .
844 3936 856 3948 .
879 3936 891 3948 .
942 3897 1287 3965 quemquam]
1340 3896 1512 3963 „aber
1558 3911 1716 3949 wenn
1764 3895 1971 3949 einer“.
2011 3925 2080 3934 —
2129 3894 2395 3948 mandare
2433 3935 2445 3947 .
2469 3934 2514 3946 ..
2554 3891 2775 3961 litteris]

321 3983 666 4052 „schriftlich
699 3984 1103 4054 niederlegen“.
1151 4016 1220 4025 —-
1265 3985 1538 4040 delectatio
1588 3985 1800 4055 aliqua]
1850 3985 2123 4039 Darunter
2166 3984 2239 4038 ist
2281 3982 2424 4038 wohl
2466 3998 2565 4037 vor
2613 3980 2777 4035 allem

319 4071 625 4141 Rhythmus
659 4074 770 4127 und
806 4072 1034 4128 Melodie
1071 4091 1139 4128 zu
1173 4074 1477 4129 verstehen.
1526 4105 1595 4114 —-
1645 4091 1771 4129 cum
1806 4074 1948 4144 suis]
1986 4072 2377 4129 Freundschaft
2411 4070 2653 4140 pflegten
2688 4068 2778 4123 die

319 4161 628 4230 Epikureer.
659 4192 728 4201 --
755 4162 978 4216 eandem
1005 4162 1285 4217 licentiam
1310 4163 1607 4233 scribendi]
1648 4163 1776 4232 „die
1803 4162 2012 4232 gleiche
2030 4160 2422 4216 Federfreiheit
2448 4156 2777 4229 (stilistische

317 4249 759 4320 Nonchalance)“
796 4252 889 4304 fiir
924 4250 1042 4306 sich
1076 4252 1509 4321 beanspruchen3
1546 4268 1653 4306 von
1688 4251 1899 4306 Tacitus
1935 4252 2045 4305 und
2083 4250 2306 4306 Iuvenal
2342 4248 2558 4303 werden
2593 4246 2779 4301 solche

318 4338 760 4396 Lesekranzchen
796 4340 1252 4396 charakterisiert:
1291 4341 1559 4410 „Semper
1592 4356 1691 4409 ego
1728 4340 1936 4396 auditor
1970 4341 2177 4395 tantum
2190 4339 2217 4391 Ῥ
2276 4338 2654 4406 Numquamne
2690 4352 2776 4390 re-
