3221 4850
513 286 618 346 158
1304 286 1721 342 Tusculanarum
1757 287 2170 356 disputationum

513 450 595 513 ad
653 468 870 514 veram
928 448 1184 514 laudem
1248 452 1445 531 atque
1515 450 1921 515 honestatem
1989 451 2100 515 illa
2162 450 2446 533 pericula
2514 452 2855 516 adeuntur
2931 453 3013 515 in

511 556 802 639 proeliis;
850 576 976 620 non
1025 557 1312 620 sentiunt
1354 557 1475 621 viri
1519 557 1715 622 fortes
1763 558 1828 622 in
1877 558 2008 622 acie
2041 558 2321 637 vulnera,
2369 559 2469 622 vel
2500 560 2818 636 sentiunt,
2877 560 3008 624 sed

512 663 674 727 mori
720 664 972 728 malunt
1019 682 1213 745 quam
1268 666 1527 729 tantum
1584 664 1770 728 modo
1832 665 1908 728 de
1971 665 2303 746 dignitatis
2363 665 2564 747 gradu
2631 666 3003 730 demoveri.

427 791 489 832 59
511 770 857 852 Fulgentes
905 770 1148 852 gladios
1204 770 1486 835 hostium
1546 771 1847 836 videbant
1892 770 2097 849 Decii,
2156 791 2303 836 cum
2362 773 2428 835 in
2486 773 2687 837 aciem
2750 792 3002 837 eorum

509 878 866 941 inruebant.
952 877 1071 941 His
1118 878 1375 942 levabat
1421 897 1673 942 omnem
1721 878 2059 942 vulnerum
2104 880 2350 943 metum
2395 879 2692 943 nobilitas
2742 882 2996 944 mortis

513 986 578 1048 et
624 984 840 1066 gloria.
931 984 1106 1048 Num
1152 986 1292 1048 tum
1349 985 1735 1066 ingemuisse
1780 985 2290 1068 Epaminondam
2347 988 2565 1069 putaS,
2627 1006 2777 1050 cum
2847 1007 2995 1051 una

513 1110 658 1155 cum
707 1092 1015 1172 sanguine
1063 1093 1264 1156 vitam
1314 1091 1572 1156 effluere
1622 1092 1934 1156 sentiret?
2009 1092 2441 1176 Imperantem
2488 1093 2657 1157 enim
2689 1095 2993 1176 patriam

511 1198 1025 1263 Lacedaemoniis
1072 1199 1491 1280 relinquebat,
1540 1218 1733 1280 quam
1767 1201 2099 1282 acceperat
2131 1201 2529 1264 servientem.
2606 1200 2787 1265 Haec
2822 1204 2992 1265 sunt

513 1306 762 1381 solacia,
808 1305 968 1369 haec
1013 1304 1296 1369 fomenta
1344 1324 1741 1369 summorum
1790 1305 2097 1370 dolorum.

404 1400 488 1467 25
691 1411 913 1475 Dices:
964 1409 1133 1489 Quid
1177 1411 1244 1474 in
1290 1430 1488 1494 pace,
1524 1412 1676 1493 quid
1723 1412 1920 1490 domi,
1979 1412 2131 1494 quid
2178 1412 2243 1476 in
2289 1412 2575 1478 lectulo?
2637 1414 2718 1477 ad
2767 1414 2988 1497 philo-

425 1495 489 1537 ⁶⁰
512 1519 740 1601 sophos
788 1537 889 1582 me
937 1537 1229 1596 revocas,
1287 1519 1396 1600 qui
1441 1519 1508 1581 in
1555 1519 1756 1583 aciem
1803 1538 1930 1584 non
1977 1538 2163 1602 saepe
2210 1520 2540 1602 prodeunt.
2632 1521 2684 1583 Ε
2735 1521 2983 1602 quibus

509 1625 697 1688 homo
747 1643 898 1689 sane
945 1624 1121 1702 levis,
1168 1626 1577 1691 Heracleotes
1626 1624 1988 1709 DionysiuS,
2035 1646 2182 1690 cum
2230 1645 2268 1690 a
2298 1626 2546 1691 Zenone
2593 1626 2779 1691 fortis
2830 1646 2980 1692 esse

512 1731 851 1808 didicisset,
900 1751 938 1795 a
985 1733 1197 1796 dolore
1246 1732 1549 1797 dedoctus
1599 1735 1715 1797 est.
1796 1733 1964 1797 Nam
2013 1753 2158 1798 cum
2206 1752 2280 1797 ex
2325 1733 2580 1798 renibus
2627 1733 2980 1812 laboraret,

508 1838 644 1921 ipso
689 1838 757 1901 in
804 1838 1052 1903 eiulatu
1100 1839 1471 1903 clamitabat
1515 1838 1680 1903 falsa
1737 1858 1874 1904 esse
1933 1840 2075 1917 illa,
2137 1858 2298 1921 quae
2365 1842 2553 1904 antea
2610 1840 2688 1904 de
2752 1821 2978 1906 dolore

510 1945 641 2028 ipse
689 1945 1009 2010 sensisset.
1103 1944 1309 2024 Quem
1356 1965 1502 2010 cum
1550 1945 1892 2012 Cleanthes
1940 1946 2406 2029 condiscipulus
2452 1949 2725 2028 rogaret,
2776 1967 2981 2029 quae-

508 2213 763 2281 (proeliie
799 2253 812 2266 .
835 2252 848 2266 .
870 2254 883 2265 .
921 2213 1152 2267 vulnera
1189 2230 1239 2266 u.
1270 2212 1341 2277 a.)
1376 2212 1806 2278 beizubehalten3
1847 2212 1947 2280 vgl.
1987 2213 2085 2265 den
2115 2213 2237 2264 Dis
2250 2213 2772 2282 positionssatz
2812 2214 2843 2281 ξ
2884 2215 2977 2269 60.

505 2300 637 2354 Hier
673 2301 899 2371 spiegelt
935 2302 1046 2354 sich
1084 2301 1179 2354 das
1214 2301 1562 2368 kriegerische
1599 2301 1813 2354 Denken
1853 2301 1945 2354 der
1979 2301 2170 2354 Rlomer
2206 2301 2380 2355 wider.
2420 2330 2486 2339 -
2527 2307 2747 2355 tantum
2784 2303 2978 2370 modo]

510 2390 687 2458 „auch
737 2406 839 2443 nur
884 2406 941 2444 so
990 2390 1153 2457 viel“,
1208 2390 1468 2444 deiktisch
1514 2390 1607 2444 wie
1661 2391 1946 2445 tantillum
1993 2391 2077 2444 bei
2126 2389 2366 2445 PlautuS.
2430 2419 2489 2428 —
2547 2389 2617 2444 de
2665 2390 2977 2458 dignitatis

503 2479 716 2550 gradu]
756 2496 915 2546 „vom
945 2479 1137 2533 Posten
1180 2479 1273 2532 der
1299 2479 1507 2545 Ehre“;
1546 2497 1645 2533 von
1675 2480 1766 2532 der
1795 2480 2053 2547 Stellung,
2091 2480 2174 2533 die
2211 2480 2378 2533 einem
2399 2480 2572 2549 jedem
2600 2479 2685 2532 die
2713 2481 2977 2548 dignitas

506 2569 738 2622 anweist.
812 2568 1177 2623 Alliteration!
1253 2569 1371 2637 Vgl.
1410 2571 1441 2637 ἓ
1480 2570 1563 2623 14.

654 2679 734 2719 59.
781 2666 969 2734 Decii]
1018 2657 1161 2720 Uber
1197 2667 1279 2720 dic
1316 2668 1427 2720 drei
1463 2667 1659 2722 Mares
1695 2685 1735 2721 s,
1775 2668 1829 2734 1,
1868 2669 1953 2722 89.
2005 2696 2073 2706 —
2124 2667 2390 2722 nobilitas
2424 2666 2613 2721 mortis
2657 2673 2711 2720 et
2753 2667 2975 2737 ylovia]

508 2756 648 2823 „das
695 2756 872 2809 Hehre
920 2756 1028 2809 und
1064 2756 1376 2810 Ruhmvolle
1425 2758 1566 2810 eines
1619 2756 1826 2810 solchen
1878 2756 2108 2811 Todes“.
2157 2787 2220 2796 —
2274 2755 2754 2826 Epaminondam]
2807 2774 2852 2810 s,
2903 2774 2974 2810 zu

504 2845 559 2911 I,
607 2847 691 2899 33.
747 2876 813 2883 -—
869 2845 1239 2914 relinquebat]
1294 2846 1447 2899 hatte
1502 2847 1596 2898 das
1649 2845 1867 2911 Geffihl,
1924 2846 2040 2898 dass
2095 2863 2152 2898 er
2202 2846 2544 2899 zuriicklasse.
2632 2844 2976 2899 Chiastische

506 2933 776 3000 Stellung!
833 2965 898 2972 —
950 2934 1219 3002 fomenta]
1274 2935 1867 3001 ‚‚Linderungsmittel“
1917 2939 2036 3001 (von
2089 2933 2291 3000 foveo),
2343 2935 2409 2986 da
2460 2933 2545 2987 die
2594 2935 2976 3003 entsprechen·

506 3023 605 3075 den
644 3023 1044 3076 medizinisehen
1084 3024 1388 3076 Ausdxiicke
1427 3015 1846 3090 „Uberschlage,
1895 3007 2161 3077 Pflaster“
2212 3024 2285 3075 im
2322 3022 2621 3076 Deutschen
2670 3040 2733 3076 zu
2782 3024 2977 3077 trivial

507 3112 824 3164 erscheinen.

647 3244 798 3312 Kal».
831 3245 935 3302 25.
998 3258 1079 3298 60.
1110 3245 1300 3313 Dices]
1320 3245 1482 3313 Figur
1501 3246 1592 3299 des
1622 3246 2095 3313 selbstgemachten
2114 3244 2439 3299 Einwandes.
2468 3274 2538 3282 —
2565 3244 2803 3314 inpaee]
2834 3245 2971 3299 Man

504 3339 722 3401 erganze
749 3334 1072 3399 faciendum
1110 3340 1216 3401 est3
1254 3337 1382 3389 iiber
1418 3336 1501 3388 die
1530 3336 1854 3405 Disposition
1892 3352 1932 3388 s.
1963 3352 2007 3388 0.
2039 3334 2090 3388 S.
2123 3335 2335 3401 123s24.
2366 3364 2431 3372 —
2469 3335 2534 3387 in
2570 3335 2789 3401 lectulo]
2830 3338 2979 3401 „auf

505 3424 619 3476 dem
648 3423 825 3476 Sosa“.
866 3453 932 3460 —
964 3423 1270 3491 prodeunt]
1309 3422 1425 3476 Wie
1465 3424 1545 3476 bei
1580 3425 1647 3477 in
1681 3422 1867 3488 forum
1896 3423 2130 3492 prodire
2167 3424 2259 3476 der
2284 3423 2577 3491 Gegensatz
2615 3440 2706 3477 zur
2735 3423 2966 3476 Zuriick-

503 3512 859 3580 gezogenheit.
916 3512 1088 3565 Unser
1116 3512 1399 3582 Philosoph
1427 3512 1668 3565 Fichte
1695 3512 1901 3565 machte
1930 3513 2070 3567 1806
2098 3513 2211 3565 eine
2239 3512 2527 3566 riihmliche
2554 3513 2873 3566 Ausnahme.
2891 3543 2965 3552 ——

503 3617 635 3655 sane
686 3602 835 3669 levis]
885 3643 916 3667 „
930 3602 1081 3654 recht
1127 3601 1545 3656 charakterlos“.
1605 3630 1671 3640 —-
1727 3602 2081 3657 Heracleotes
2122 3601 2455 3671 Dionysius]
2506 3601 2573 3654 So
2619 3601 2840 3669 gestellt
2885 3603 2964 3655 im

505 3689 828 3758 Gegensatze
866 3707 928 3743 zu
966 3690 1190 3743 anderen
1230 3689 1577 3759 Philosophen
1614 3690 1782 3742 dieses
1818 3689 2049 3742 Namens
2066 3731 2079 3755 ,
2116 3706 2211 3742 aus
2247 3689 2536 3755 Heraklea;
2588 3707 2645 3743 er
2681 3690 2832 3743 hbrte
2870 3707 2964 3743 an·

502 3780 654 3847 sange
690 3780 790 3833 den
826 3779 1131 3847 Begriinder
1166 3779 1259 3831 der
1296 3778 1423 3832 Stoa.
1458 3777 1519 3844 (a
1553 3779 1824 3845 Zenone),
1862 3778 1990 3847 ging
2026 3780 2150 3831 aber
2186 3781 2380 3848 apator,
2419 3779 2585 3832 durch
2621 3779 2704 3833 ein
2741 3777 2963 3832 Nicren-

502 3868 673 3922 leiden
706 3872 799 3934 (ex
832 3869 1079 3934 renibus)
1117 3867 1405 3921 veranlasst
1421 3910 1433 3934 ,
1487 3884 1551 3920 zu
1588 3868 1688 3921 den
1726 3867 2058 3921 Hedonikern
2097 3868 2225 3920 iiber
2275 3867 2382 3920 und
2419 3867 2583 3921 heifst
2618 3866 2782 3921 daher
2819 3909 2852 3934 „
2866 3868 2963 3921 der

500 3948 854 4010 Uberlaufer“
891 3957 1005 4023 (der
1031 3956 1434 4024 Umgesatteltc,
1475 3960 1506 4009 ὁ
1532 3957 1972 4030 Μεταθέμενος).
2008 3986 2069 3995 -
2108 3975 2145 4010 a
2181 3957 2364 4011 dolore
2402 3956 2666 4012 dedoctus
2700 3956 2802 4024 est]
2841 3956 2963 4011 Wie

503 4048 631 4100 oben
671 4046 750 4099 als
787 4044 948 4098 Feind
964 4086 977 4111 ,
1031 4063 1087 4099 so
1124 4046 1387 4099 erscheint
1422 4045 1536 4099 hier
1571 4046 1641 4098 im
1680 4051 1801 4114 βίος
1836 4048 2161 4119 θεωρητικὸς
2195 4045 2289 4098 der
2324 4045 2564 4099 Schmerz
2601 4047 2682 4099 als
2719 4046 2961 4100 vel-derb-

501 4135 665 4189 licher
699 4135 911 4188 Lehrer.
985 4134 1350 4188 Alliteration!
1403 4164 1471 4174 —
1522 4133 1859 4202 Cleanthem]
1897 4134 2178 4189 Cleanthes
2216 4151 2311 4188 aus
2348 4134 2512 4188 Assos
2562 4135 2617 4188 in
2655 4134 2956 4189 Kleinasien

503 4241 611 4277 war
649 4226 714 4278 18
749 4224 911 4277 Jahre
947 4223 1073 4291 lang
1109 4223 1325 4277 Schiiler
1362 4224 1542 4290 Zenos,
1581 4224 1719 4277 dann
1758 4225 1868 4277 sein
1905 4223 2223 4292 Nachfolger
2256 4224 2562 4292 (264-232
2597 4241 2646 4280 v,
2683 4222 2847 4289 obn).
2887 4255 2956 4263 ·—-

503 4329 777 4381 quaenam
820 4312 995 4381 ratio]
1050 4313 1309 4380 „welcher
1358 4313 1687 4381 verniinftige
1725 4312 1952 4367 Grund“
1989 4315 2044 4379 (,‚
2059 4312 2269 4366 Schlul's
2283 4313 2338 4377 “;
2388 4329 2445 4366 es
2489 4312 2625 4381 folgt
2669 4313 2753 4366 ein
2792 4311 2957 4381 Syllo·
