3221 4850
501 234 575 295 84
1302 233 1721 290 Tusculanarum
1755 234 2168 305 disputationum

682 397 767 461 A.
836 398 924 462 Et
984 400 1156 463 recte
1216 396 1495 480 quidem.
1590 396 1716 462 Sed
1765 417 1927 480 quae
1972 398 2234 464 tandem
2281 401 2382 464 est
2425 400 2793 484 Epicharmi
2836 403 2969 468 ista

506 504 873 569 sententia?

681 608 781 674 M.
827 594 1094 675 Emori
1121 610 1340 689 nolo,
1370 611 1508 675 sed
1539 629 1657 676 me
1690 630 1867 676 6336
1898 612 2309 677 mortuum
2338 613 2589 679 nihili
2620 616 2963 684 aestimo.

681 717 764 782 A.
831 717 973 782 Iam
1020 716 1334 799 adgnosco
1383 716 1720 783 Graecum.
1815 717 1941 783 Sed
1991 719 2293 801 quoniam
2341 721 2635 803 coegisti,
2694 726 2769 787 ut
2817 743 2964 789 con-

505 826 823 903 cederem,
893 824 1004 908 qui
1069 825 1310 888 mortui
1379 828 1626 902 essent,
1696 843 1801 889 eos
1861 825 2128 891 miseros
2174 846 2300 891 non
2349 846 2516 906 esse,
2574 829 2834 912 perfice,
2904 831 2961 895 si

502 934 701 1016 poteS,
745 935 836 996 ut
879 950 972 996 ne
1018 931 1524 996 moriendum
1572 932 1894 1013 quidem
1942 951 2121 998 6336
2168 934 2557 999 miserum
2600 938 2895 1019 putem.

421 1060 480 1103 ιε
684 1038 786 1103 M.
852 1038 994 1103 Iam
1038 1038 1207 1103 istuc
1254 1038 1512 1120 quidem
1556 1039 1716 1102 nihil
1760 1039 2002 1120 negotii
2048 1041 2165 1117 est,
2210 1039 2325 1103 sed
2370 1041 2617 1106 maiora
2661 1041 2902 1108 molior.

682 1146 765 1209 A.
836 1143 976 1224 Quo
1019 1144 1205 1210 modo
1264 1144 1386 1210 hoc
1429 1144 1590 1209 nihil
1633 1145 1874 1228 negotii
1920 1147 2064 1210 est?
2127 1147 2242 1211 aut
2288 1166 2451 1229 quae
2499 1150 2653 1213 sunt
2699 1150 2964 1215 tandem

502 1253 632 1317 ista
675 1253 966 1317 maiora?

681 1357 782 1423 M.
855 1357 1051 1438 Quia,
1121 1358 1421 1440 quoniam
1477 1359 1625 1441 post
1680 1360 1954 1423 mortem
2013 1359 2168 1424 mali
2225 1360 2387 1424 nihil
2442 1363 2571 1439 est,
2637 1381 2718 1427 ne
2788 1382 2962 1427 mors

506 1466 766 1550 quidem
812 1468 914 1531 est
957 1467 1233 1543 malum,
1280 1466 1385 1531 cui
1426 1465 1786 1549 proximum
1829 1468 2088 1550 tempus
2136 1469 2236 1532 est
2282 1468 2458 1552 [post
2502 1470 2836 1552 mortemJ,
2891 1470 2962 1533 in

506 1592 631 1656 quo
698 1573 855 1638 mali
921 1573 1081 1637 nihil
1148 1590 1286 1637 6336
1356 1572 1680 1636 concedis:
1749 1572 1843 1635 ita
1901 1591 1981 1637 ne
2042 1572 2442 1638 moriendum
2504 1575 2761 1657 quidem
2820 1595 2962 1640 6336
3077 1656 3082 1660 ⁴

503 1681 751 1745 malum
796 1681 929 1754 est3
977 1679 1042 1744 id
1089 1680 1190 1743 est
1220 1678 1391 1742 enim
1436 1677 1933 1762 perveniendum
1984 1697 2123 1744 6336
2172 1680 2251 1743 ad
2298 1680 2382 1758 id,
2432 1681 2601 1763 quod
2644 1700 2772 1746 non
2821 1701 2962 1747 esse

504 1789 750 1852 malum
797 1786 1188 1852 confitemur.

681 1892 767 1956 A.
834 1892 1111 1958 Uberius
1168 1891 1323 1969 ista,
1394 1909 1647 1973 quaeso.
1737 1890 1914 1956 Haec
1975 1892 2143 1956 enim
2206 1892 2584 1987 spinosiora,
2650 1894 2829 1976 prius
2884 1895 2964 1958 ut

506 1999 827 2078 confitear,
870 2018 974 2064 me
1021 1999 1273 2081 cogunt,
1321 2016 1515 2080 quam
1559 2000 1636 2062 ut
1682 1997 2022 2062 adsentiar.
2117 1998 2243 2064 Sed
2275 2018 2437 2081 quae
2471 1984 2626 2064 sunt
2655 2019 2748 2078 ea,
2794 2019 2961 2082 quae

476 2106 662 2172 dicis
708 2112 772 2170 te
818 2106 1061 2171 maiora
1104 2105 1359 2170 moliri?

683 2212 782 2277 Μ.
851 2213 945 2278 Ut
991 2212 1276 2289 doceam,
1335 2212 1391 2276 si
1434 2211 1705 2294 possim,
1761 2232 1888 2275 non
1933 2211 2120 2276 modo
2166 2213 2413 2277 malum
2457 2231 2585 2276 non
2631 2232 2800 2290 6336,
2847 2213 2959 2278 sed

503 2320 743 2385 bonum
789 2321 984 2384 etiam
1031 2337 1168 2383 6336
1215 2320 1504 2383 mortem.

682 2427 768 2491 A.
838 2427 983 2491 Non
1039 2428 1293 2510 postulo
1351 2425 1418 2490 id
1466 2425 1754 2509 quidem,
1815 2445 1968 2491 aveo
2031 2430 2250 2491 tamen
2305 2427 2543 2491 audire.
2635 2428 2728 2492 Ut
2788 2429 2957 2491 enim

504 2553 631 2598 non
680 2533 945 2611 efficiaS,
1007 2534 1175 2616 quod
1220 2533 1346 2610 vis,
1411 2535 1661 2610 tamen,
1718 2552 1890 2597 mors
1953 2535 2027 2598 ut
2072 2533 2315 2598 malum
2360 2553 2483 2598 non
2532 2534 2644 2611 sit,
2705 2533 2957 2598 efficieS.

508 2640 634 2705 Sed
677 2640 838 2704 nihil
884 2642 948 2705 te
994 2640 1442 2723 interpellabo;
1490 2640 1922 2704 continentem
1971 2640 2320 2705 orationem
2369 2640 2588 2705 audire
2634 2641 2823 2705 malo.

503 2923 787 2979 mationen.
838 2954 904 2962 —
956 2940 1093 2992 quae
1127 2923 1363 2992 tandem]
1414 2929 1496 2984 τίς
1544 2924 1615 2990 δὴ
1629 2966 1643 2988 ,
1694 2920 2202 2976 Wiederaufnahme
2251 2922 2347 2974 der
2381 2921 2566 2987 Frage.
2618 2953 2687 2961 -
2736 2921 2961 2990 Emori}

503 3012 913 3067 katalektischer
960 3011 1323 3066 trochaischer
1371 3010 1726 3078 Testameten
1780 3008 2080 3078 griechisch
2136 3008 2435 3063 vielleicht:
2491 3013 2805 3065 ἀποθανεῖν
2855 3013 2959 3082 οὐχ

506 3104 736 3157 ἁνδάνει
772 3101 981 3170 (placen
1016 3122 1145 3175 μοι,
1197 3103 1464 3155 τεθνάναι
1501 3096 1558 3154 δ’
1604 3102 1671 3154 οὗ
1706 3100 1974 3171 διαφέρει.
2030 3129 2098 3137 -
2151 3098 2418 3167 adgnosco
2462 3098 2754 3168 Graecum]
2794 3099 2958 3166 „ent-

504 3189 658 3245 sinne
706 3189 793 3243 ich
843 3188 987 3243 mich
1034 3189 1131 3243 des
1168 3186 1594 3242 Griechisehen“
1645 3188 1758 3256 (des
1805 3185 2176 3255 griechischen
2212 3186 2578 3256 Wortlautes).
2628 3218 2697 3227 —
2737 3188 2958 3256 perfice,

501 3284 564 3334 ut
596 3279 684 3348 ne]
735 3277 896 3347 Folge
931 3278 1042 3331 und
1078 3276 1329 3333 Absicht:
1382 3277 1610 3346 „bl-inge
1650 3292 1708 3330 63
1744 3276 1936 3346 (durch
1972 3276 2127 3329 deine
2163 3275 2489 3345 Darlegung)
2535 3291 2595 3329 so
2640 3275 2790 3343 weit,
2841 3275 2960 3330 dass

503 3366 715 3421 nicht“.

656 3470 732 3513 ιθ.
769 3454 922 3510 nihil
953 3454 1159 3524 neqotii
1189 3456 1285 3525 est]
1324 3456 1549 3523 „macht
1582 3454 1739 3508 keine
1767 3453 1931 3508 Miihe
1944 3456 2002 3520 “3
2039 3452 2144 3522 vgl.
2181 3453 2334 3507 nullo
2368 3452 2593 3522 negotia
2632 3483 2700 3491 -—
2739 3452 2960 3505 maiora

501 3547 721 3617 molior]
768 3536 1057 3615 Ubergang
1104 3546 1222 3615 (der
1268 3543 1374 3599 'l'od
1425 3544 1512 3598 ein
1564 3544 1707 3611 Gut).
1760 3574 1828 3583 -—
1870 3542 2294 3612 perveniendum
2332 3582 2344 3595 .
2367 3583 2378 3595 .
2402 3583 2414 3596 .
2454 3542 2795 3611 confitemur]
2845 3541 2962 3595 Der

502 3636 718 3691 Schluss
753 3635 825 3690 ist
860 3635 981 3690 eine
1017 3635 1119 3688 Art
1153 3633 1353 3688 Sorites
1389 3632 1848 3704 (Kettenschlufs).
1902 3663 1968 3671 —
2019 3631 2281 3699 Uberius,
2331 3631 2549 3700 quaeso]
2598 3629 2834 3684 namlich
2868 3647 2960 3684 ex-

494 3742 702 3795 ponas,
741 3724 793 3778 A
829 3723 963 3778 wird
999 3722 1362 3793 vorsichtiger.
1401 3754 1469 3762 -
1507 3722 1656 3776 Haec
1694 3763 1706 3775 .
1729 3763 1741 3775 .
1764 3762 1776 3774 .
1814 3720 2132 3791 spinosiora
2160 3761 2172 3773 .
2196 3761 2207 3773 .
2230 3761 2242 3773 .
2271 3719 2573 3789 adsentiar]
2614 3718 2804 3787 „diese
2831 3735 2955 3773 ver-

503 3812 842 3868 wickelteren
880 3812 1333 3881 Gedankengange
1381 3811 1595 3880 nufigen
1643 3810 1788 3864 mich
1837 3809 1968 3864 cher
2006 3827 2074 3863 zu
2110 3809 2284 3863 einem
2324 3807 2708 3877 Zugestandm‘s
2744 3806 2823 3861 als
2861 3824 2961 3862 zur

506 3901 916 3971 Zustimmung“
957 3900 1274 3970 (innerlich).
1328 3931 1397 3940 —
1449 3900 1555 3955 Sed
1586 3900 1742 3969 quae]
1794 3898 1977 3953 Damit
2022 3898 2261 3952 erinnert
2296 3897 2348 3951 A
2384 3897 2488 3951 den
2524 3896 2596 3949 M
2623 3913 2693 3952 an
2741 3896 2826 3951 die
2863 3912 2956 3965 ge-

503 3990 681 4046 stellte
718 3991 904 4044 zweite
941 3990 1126 4059 F1age.
1174 4021 1241 4029 —
1287 3993 1349 4043 ut
1387 4031 1399 4042 .
1421 4031 1434 4042 .
1457 4030 1469 4043 .
1505 4006 1620 4043 non
1652 3988 1888 4058 efficias]
1928 3990 2178 4056 „gesetzt
2212 3987 2371 4041 dass“
2422 3986 2492 4039 du
2543 4002 2602 4041 es
2640 3985 2962 4056 (vermittels

502 4079 688 4134 deiner
721 4078 1047 4149 Darlegung)
1083 4077 1233 4132 nicht
1267 4093 1326 4132 so
1363 4078 1489 4132 weit
1524 4078 1757 4148 bringst,
1795 4092 1854 4132 so
1890 4077 2040 4131 wirst
2074 4077 2144 4130 du
2181 4075 2317 4130 doch
2352 4075 2515 4144 sertig
2550 4074 2771 4144 bringen
2787 4115 2802 4142 ,
2840 4073 2960 4128 dass

507 4207 519 4221 .
542 4208 554 4220 .
578 4210 590 4222 .
626 4168 780 4222 nicht
813 4167 884 4222 ist
894 4170 958 4237 “;
994 4167 1169 4222 dieses
1204 4166 1489 4220 konkreter
1522 4166 1617 4219 fiir
1651 4165 1846 4234 „nicht
1873 4165 2165 4229 erschein‘c,
2201 4164 2355 4219 nicht
2381 4181 2449 4218 zu
2475 4162 2659 4217 halten
2685 4163 2816 4231 ist“,
2854 4161 2960 4216 wie

505 4256 642 4311 oben
675 4274 786 4312 6336
819 4256 1089 4312 miserum
1114 4261 1316 4327 putem.
1365 4287 1433 4296 -
1483 4255 1842 4310 continentem
1877 4254 2198 4325 orationem]
2248 4252 2431 4308 Damit
2466 4252 2600 4306 wird
2647 4252 2745 4305 der
2778 4240 2959 4305 ⁷(lber-
