3221 4850
506 323 580 385 58
1305 324 1722 379 Tusculanarum
1757 325 2171 394 disputationum

509 487 824 553 fenestrae
873 488 1003 552 sint
1050 487 1273 565 animi,
1322 488 1552 569 quibus
1599 489 1819 551 tamen
1866 488 2089 551 sentiri
2132 488 2293 552 nihil
2341 489 2560 570 queat,
2614 507 2797 553 mens
2842 487 2968 552 nisi

508 594 572 659 id
622 597 772 677 agat
819 598 885 660 et
916 595 1099 659 adsit.
1176 594 1362 673 Quid,
1412 594 1579 677 quod
1627 594 1849 659 eadem
1893 597 2108 660 mente
2156 614 2258 659 res
2292 594 2748 659 dissimillimas
2796 614 2968 660 com-

509 702 904 785 prendimus,
950 703 1026 765 ut
1070 702 1370 779 colorem,
1418 720 1741 785 saporem,
1790 702 2090 779 calorem,
2138 701 2425 779 odorem,
2472 704 2745 766 sonum?
2803 721 2966 783 quae

508 827 862 890 numquam
896 809 1176 891 quinque
1221 808 1464 873 nuntiis
1512 809 1765 873 animus
1812 811 2237 891 cognosceret,
2283 810 2407 873 nisi
2448 808 2708 873 adeum
2755 809 2969 873 omnia

509 914 899 980 referrentur
955 918 1021 981 et
1072 916 1127 979 is
1183 916 1468 980 omnium
1522 915 1713 980 iudex
1773 916 1945 979 solus
2002 918 2190 980 esset.
2282 918 2496 998 Atque
2556 934 2632 979 ea
2687 915 2968 998 profecto

510 1024 653 1086 tum
698 1023 902 1087 multo
941 1023 1196 1105 puriora
1243 1025 1310 1087 et
1355 1022 1729 1087 dilucidiora
1774 1026 2130 1100 cernentur,
2179 1043 2344 1101 cum,
2393 1042 2517 1105 quo
2562 1026 2796 1086 natura
2827 1021 2971 1099 fert,

424 1150 486 1192 ιτ
511 1128 670 1193 liber
717 1130 967 1193 animus
1014 1129 1391 1211 pervenerit.
1473 1129 1644 1193 Nam
1689 1148 1862 1193 nunc
1894 1129 2170 1211 quidem,
2219 1148 2611 1211 quamquam
2656 1127 2969 1193 foramina

510 1237 639 1314 illa,
689 1255 848 1317 quae
880 1239 1106 1320 patent
1137 1235 1217 1299 ad
1250 1235 1536 1300 animum
1584 1255 1622 1299 a
1654 1254 1928 1319 corpore,
1974 1236 2383 1301 callidissimo
2431 1236 2694 1301 artificio
2734 1238 2971 1301 natura

512 1342 821 1408 fabricata
878 1345 1005 1421 est,
1065 1345 1283 1407 tamen
1339 1343 1608 1408 terrenis
1666 1343 2101 1424 concretisque
2157 1344 2521 1426 corporibus
2578 1346 2732 1407 sunt
2776 1345 2973 1408 inter-

515 1454 737 1533 saepta
770 1449 1046 1532 quodam
1075 1450 1295 1525 modo;
1348 1469 1494 1514 cum
1541 1451 1765 1514 autem
1810 1450 1970 1513 nihil
2002 1451 2123 1514 erit
2152 1451 2404 1533 praeter
2443 1451 2746 1528 animum,
2792 1451 2973 1515 nulla

513 1576 616 1621 res
684 1557 928 1621 obiecta
983 1557 1319 1639 impediet,
1390 1576 1514 1638 quo
1583 1557 1797 1621 minus
1859 1558 2195 1640 percipiat,
2267 1557 2453 1639 quale
2519 1557 2798 1639 quidque
2867 1558 2972 1622 sit.

408 1669 492 1730 21
516 1663 822 1742 Quamvis
869 1663 1114 1746 copiose
1160 1664 1319 1728 haec
1365 1663 1752 1741 diceremus,
1812 1664 1868 1727 si
1913 1683 2016 1728 res
2060 1664 2445 1746 postularet,
2505 1683 2700 1746 quam
2744 1665 2973 1742 multa,

518 1789 712 1852 quam
742 1772 936 1847 varia,
983 1772 1226 1852 quanta
1257 1771 1625 1852 spectacula
1657 1771 1909 1834 animus
1954 1771 2020 1834 in
2051 1771 2204 1835 locis
2238 1771 2620 1835 caelestibus
2658 1773 2829 1836 esset
2860 1771 2975 1835 ha-

429 1878 786 1943 ⁴sbiturus.
862 1876 1040 1955 Quae
1074 1877 1331 1958 quidem
1379 1877 1664 1958 cogitans
1712 1878 1881 1941 soleo
1929 1896 2117 1960 saepe
2151 1878 2371 1941 mirari
2393 1878 2846 1942 nonnullorum
2876 1879 2976 1942 in-

518 1985 853 2049 solentiam
875 1983 1410 2066 philosophorum,
1459 1984 1569 2066 qui
1599 1985 1869 2048 naturae
1900 1984 2325 2066 cognitionem
2372 1985 2776 2049 admirantur
2807 1986 2977 2049 eius-

519 2111 640 2173 que
671 2092 984 2156 inventori
1032 2093 1098 2155 et
1127 2091 1394 2175 principi
1426 2092 1665 2173 gratias
1698 2092 2090 2155 exsultantes
2132 2094 2333 2172 agunt
2363 2111 2637 2173 eumque
2670 2110 2979 2156 veneran-

516 2202 625 2262 tur
655 2203 731 2262 ut
762 2199 986 2273 deum3
1036 2198 1334 2262 liberatos
1368 2199 1537 2262 enirn
1585 2217 1652 2262 se
1684 2217 1798 2280 per
1828 2216 1977 2262 eum
2008 2198 2230 2262 dicunt
2260 2199 2649 2281 gravissimis
2684 2198 2977 2278 dominiS,

518 2308 755 2370 terrore
804 2304 1188 2387 sempiterno
1236 2307 1303 2369 et
1333 2304 1558 2369 diurno
1608 2324 1683 2368 ac
1712 2307 2022 2369 nocturno
2069 2307 2264 2370 metu.
2342 2305 2482 2384 Quo
2512 2308 2798 2376 terrore?
2848 2325 2976 2387 quo

519 2414 744 2477 metu?
811 2430 973 2494 quae
1034 2414 1135 2477 est
1194 2432 1355 2477 anus
1418 2414 1548 2477 tam
1613 2412 1841 2491 delira,
1909 2432 2073 2495 quae
2131 2412 2360 2477 timeat
2417 2414 2574 2491 ista,
2640 2432 2802 2495 quae
2862 2432 2977 2478 vos

518 2606 863 2676 Epicharmos
911 2606 1344 2675 zuriickgefiihrt.
1402 2636 1471 2646 —
1527 2623 1664 2674 quae
1702 2647 1713 2658 .
1737 2646 1749 2659 .
1773 2647 1784 2659 .
1823 2606 1939 2659 sint
1976 2646 1988 2659 .
2012 2647 2024 2659 .
2046 2646 2059 2658 .
2098 2606 2296 2675 quibus
2332 2608 2534 2676 tamen]
2582 2606 2712 2675 „die
2747 2623 2853 2660 nur
2891 2647 2903 2659 .
2928 2648 2940 2659 .
2965 2647 2978 2660 .

520 2695 656 2763 sind,
695 2695 823 2750 aber
847 2696 953 2750 den
978 2695 1172 2748 Dienst
1197 2695 1347 2748 nicht
1372 2694 1580 2762 leisten,
1620 2711 1776 2749 wenn
1813 2695 1965 2749 nicht
1990 2696 2087 2749 der
2110 2695 2259 2749 Geist
2285 2695 2631 2750 dahinterher
2656 2695 2726 2749 ist
2738 2699 2798 2764 “3
2835 2696 2979 2764 ng:

1018 2785 1184 2853 „Den
1221 2783 1423 2838 Sinnen
1457 2784 1579 2839 hast
1615 2785 1688 2838 du
1724 2786 1865 2839 dann
1904 2801 1972 2839 zu
2008 2787 2214 2852 tranen,

1018 2873 1158 2927 Kein
1194 2873 1446 2928 Falsches
1481 2873 1660 2928 lassen
1698 2874 1775 2928 sie
1813 2874 1936 2927 dich
1973 2874 2225 2941 sohauen,

1022 2963 1201 3016 Wenn
1238 2963 1361 3016 dein
1398 2963 1667 3017 Verstand
1703 2962 1829 3015 dioh
1864 2963 2014 3016 wach
2051 2963 2276 3017 erhalt.“
2551 2972 2586 3013 G
2602 2972 2786 3014 nothe.

520 3052 978 3122 comprendimus]
1006 3052 1182 3106 neben
1209 3052 1712 3121 comprehendimus
1739 3068 1845 3105 von
1864 3051 2049 3107 Cicero
2085 3051 2391 3121 gebraucht,
2430 3053 2624 3106 ebenso
2660 3054 2983 3122 ve(ke)mens

521 3159 573 3194 u.
594 3146 639 3194 a.
682 3171 746 3217 5-
785 3140 1004 3194 nuntiis
1035 3182 1046 3194 .
1070 3181 1082 3194 .
1106 3182 1118 3194 .
1148 3146 1474 3209 eoynoseeret
1494 3182 1505 3194 .
1529 3181 1541 3194 .
1566 3181 1576 3193 .
1597 3141 1946 3210 referrentur]
1986 3141 2202 3208 „Boten
2227 3183 2238 3195 .
2260 3182 2271 3194 .
2296 3181 2308 3194 .
2331 3142 2581 3195 erfahren
2602 3182 2614 3195 .
2636 3183 2648 3195 .
2672 3182 2684 3194 .
2714 3142 2987 3197 berichtet

523 3230 941 3298 (rapportiert)“,
980 3230 1080 3284 wie
1115 3230 1173 3282 in
1209 3230 1307 3283 der
1342 3230 1614 3284 Gerichts·
1650 3231 1759 3283 und
1795 3230 2233 3299 Militarsprache.

669 3333 751 3373 47.
790 3336 828 3372 a
856 3321 1090 3389 corpore]
1120 3336 1260 3386 „von
1290 3320 1477 3374 aussen
1488 3322 1548 3387 “3
1586 3335 1629 3373 s.
1660 3336 1706 3373 o.
1738 3321 1770 3388 ξ
1800 3322 1870 3375 46
1896 3320 1964 3372 in
1990 3337 2220 3388 corpore.
2252 3351 2320 3360 —
2347 3325 2555 3374 natura
2577 3320 2855 3388 fabrica-ta
2880 3322 2984 3390 est]

524 3408 625 3464 Die
654 3408 827 3463 Natur
853 3408 923 3461 ist
950 3408 1038 3462 ein
1065 3408 1442 3477 verniinftiger
1468 3408 1871 3477 Werkmeister,
1908 3409 2105 3477 opifex,
2145 3411 2497 3483 δημιουργός.
2538 3440 2604 3450 -
2643 3409 2873 3463 terrenis
2904 3450 2917 3462 .
2936 3450 2950 3462 .
2971 3450 2983 3463 .

522 3498 872 3567 intersaepta]
911 3497 1126 3566 „durch
1162 3497 1347 3551 irdene
1383 3498 1489 3551 und
1528 3497 1757 3566 massige
1793 3497 2063 3552 Stoffteile
2101 3497 2455 3552 stellenweise
2492 3540 2505 3552 .
2530 3540 2541 3552 .
2564 3539 2576 3552 .
2613 3500 2919 3567 gesperrt“.

664 3639 819 3708 Καρ.
858 3641 951 3698 21.
1037 3639 1299 3705 Quamvis
1335 3641 1563 3710 copiose]
1614 3640 1688 3693 im
1726 3640 2021 3709 Hauptsatz
2074 3657 2169 3693 zur
2218 3640 2533 3709 Steigerung
2578 3641 2672 3694 des
2708 3641 2985 3695 Adverbs:

527 3729 629 3797 „in
664 3729 820 3782 recht
853 3729 1033 3783 vollen
1068 3729 1352 3783 Akkorden
1391 3729 1639 3799 (Worten
1673 3730 1783 3783 und
1821 3729 2128 3799 Gedanken)
2165 3730 2519 3797 darstellen“,
2569 3729 2654 3783 die
2694 3729 2988 3783 Gedanken

527 3817 757 3886 beliebig
792 3817 1219 3887 weiterspinnen.
1278 3850 1343 3859 —
1400 3818 1458 3872 si
1498 3836 1584 3872 res
1627 3819 1944 3888 postularet]
1985 3835 2188 3886 „wenn
2235 3835 2294 3872 es
2338 3819 2436 3872 der
2471 3819 2836 3886 Gegonstand,
2889 3820 2989 3872 das

525 3908 724 3964 Thema
760 3907 1118 3962 efforderte“.

672 4009 756 4054 «18.
794 3997 932 4050 soleo
966 3999 1143 4067 saepe]
1183 3998 1304 4052 eine
1342 3997 1497 4052 Fiille
1534 3999 1630 4052 des
1666 3997 1977 4052 Ausdrucks
2013 3996 2116 4050 wie
2151 3996 2320 4051 multi
2353 4014 2523 4066 saepe.
2572 4028 2640 4037 —
2690 3997 2989 4050 nonnullo-

527 4103 657 4140 rum
691 4085 1154 4156 philosophorum]
1206 4086 1307 4141 der
1340 4087 1663 4156 Epikureer3
1718 4086 1805 4141 die
1840 4087 2064 4140 inventa
2112 4086 2259 4141 ihres
2297 4087 2537 4155 Hauptes
2572 4086 2773 4155 Epikur
2807 4086 2993 4155 gehen

528 4174 933 4243 hauptsachlich
967 4175 1157 4229 darauf
1192 4191 1312 4243 auS,
1359 4176 1464 4229 den
1498 4176 1794 4230 Mensohen
1829 4191 1937 4229 von
1973 4175 2106 4230 aller
2142 4176 2344 4230 Furcht
2378 4192 2477 4230 vor
2512 4174 2993 4229 iibernaturlichen

529 4263 738 4332 Dingen
773 4263 1189 4318 freizumachen.
1263 4264 1634 4318 Lucretius
1672 4264 1759 4333 (V,
1785 4267 1841 4332 8)
1878 4264 2022 4333 singt
2056 4280 2162 4318 von
2198 4264 2337 4318 ihm:
2377 4263 2531 4332 „Qui
2565 4263 2815 4332 princeps
2842 4262 2993 4317 vitae

530 4350 788 4404 rationem
825 4352 1102 4407 invenit
1136 4369 1282 4421 eam,
1321 4369 1457 4422 quae
1489 4354 1498 4422 Ι
1528 4370 1674 4406 nunc
1711 4352 2009 4422 appellatur
2043 4352 2364 4422 sapientia“.
2419 4384 2489 4392 --
2543 4368 2682 4421 quae
2719 4392 2731 4404 .
2754 4391 2802 4404 ..
2842 4369 2996 4406 anus
