3221 4850
467 325 570 386 156
1255 326 1674 382 Tusculanarum
1709 326 2122 397 disputationum

462 508 545 556 ne
593 488 746 571 quid
791 489 1035 571 ignave,
1081 509 1161 555 ne
1210 489 1360 572 quid
1410 490 1727 555 serviliter
1770 490 2249 555 muliebriterve
2294 489 2635 566 faciamus,
2681 490 2751 554 in
2805 490 2977 574 pri·-

464 595 713 678 misque
769 595 1087 662 refutetur
1146 616 1220 661 ac
1278 596 1579 662 reiciatur
1632 596 2066 662 Philocteteus
2123 597 2230 660 ille
2288 597 2544 662 clamor.
2632 597 2970 680 Ingeme-

468 721 640 768 scere
697 721 1180 786 nonnumquam
1238 704 1370 768 viro
1432 721 1807 769 concessum
1861 706 1962 768 est
2019 703 2212 785 idque
2275 722 2418 768 raro
2434 752 2450 782 ‚
2510 704 2788 768 eiulatus
2861 722 2971 768 ne

466 809 724 875 mulieri
771 810 1048 893 quidem.
1136 811 1223 875 Et
1267 810 1372 875 hic
1416 810 1721 875 nimirum
1768 812 1868 876 est
1910 809 2102 875 fietus
2119 859 2134 889 ‚
2195 829 2390 893 quem
2435 810 2767 876 duodecim
2837 813 2958 875 ta—

383 935 446 977 u
469 917 656 983 bulae
700 917 769 981 in
815 916 1142 982 funeribus
1188 917 1476 982 adhiberi
1519 919 1881 983 vetuerunt.
1972 917 2108 983 Nec
2151 936 2301 982 vero
2345 936 2656 1001 umquam
2699 936 2782 981 ne
2838 918 2958 981 in-

472 1024 780 1106 gemescit
825 1023 1082 1107 quidem
1127 1024 1225 1089 vir
1268 1024 1452 1089 fortis
1499 1043 1573 1090 ac
1621 1025 1903 1108 sapiens,
1962 1023 2086 1089 nisi
2144 1024 2309 1090 forte
2368 1026 2445 1088 ut
2503 1043 2570 1089 se
2627 1024 2961 1106 intendat

473 1130 552 1195 ad
612 1131 1013 1210 firmitatem,
1070 1133 1150 1195 ut
1207 1130 1274 1195 in
1331 1130 1537 1196 stadio
1592 1149 1883 1197 cursores
1944 1132 2333 1210 exclamant,
2394 1150 2588 1213 quam
2643 1131 2949 1196 maxime

471 1240 758 1322 possunt.
847 1237 1120 1302 Faciunt
1163 1238 1362 1316 idem,
1424 1257 1571 1303 cum
1619 1240 1991 1304 exercentur
2011 1287 2026 1315 ,
2087 1239 2369 1304 athletae
2386 1287 2402 1316 ‚
2458 1238 2708 1322 pugiles
2756 1257 2951 1314 vero,

474 1345 669 1410 etiam
715 1364 862 1410 cum
902 1344 1143 1410 feriunt
1173 1344 1629 1424 adversarium,
1672 1346 1739 1410 in
1770 1344 2082 1410 iactandis
2114 1346 2433 1410 caestibus
2463 1346 2953 1428 ingemescunt,

473 1470 600 1516 non
647 1452 815 1533 quod
861 1451 1115 1517 doleant
1165 1452 1451 1517 animove
1495 1453 1932 1530 succumbant,
1978 1452 2091 1517 sed
2123 1453 2275 1535 quia
2304 1451 2745 1537 profundenda
2776 1470 2953 1517 voce

474 1577 659 1623 omne
706 1576 934 1642 corpus
979 1558 1334 1624 intenditur
1378 1559 1679 1642 venitque
1725 1561 1916 1643 plaga
1962 1559 2416 1624 vehementior.

370 1667 456 1729 24
653 1663 820 1744 Quid
833 1667 866 1729 P
914 1665 1026 1748 qui
1069 1665 1297 1731 volunt
1341 1667 1696 1731 exclamare
1742 1665 1970 1744 maim,
2014 1686 2173 1731 num
2220 1666 2378 1731 satis
2422 1666 2664 1731 habent
2702 1666 2951 1743 latera,

475 1770 709 1850 faucem,
754 1772 1043 1855 linguam
1086 1772 1433 1850 intendere,
1480 1791 1514 1838 e
1561 1772 1793 1855 quibus
1840 1772 1959 1837 eici
2003 1791 2223 1838 vocem
2269 1775 2335 1838 et
2376 1771 2557 1837 fundi
2589 1771 2947 1836 videmus?

474 1879 631 1944 Toto
678 1897 932 1963 corpore
981 1882 1174 1962 atque
1221 1880 1515 1944 omnibus
1560 1880 1846 1962 ungulis,
1891 1881 1968 1944 ut
2013 1879 2246 1944 dicitur
2260 1928 2276 1958 ‚
2322 1878 2712 1944 contentioni
2758 1878 2953 1943 vocis

390 2003 450 2043 ετ
477 1987 864 2052 adserviunt.
971 1986 1155 2052 Genu
1214 1987 1576 2052 mehercule
1638 1987 1725 2052 M.
1797 1987 2146 2051 Antonium
2206 1986 2365 2065 vidi,
2427 2004 2576 2051 cum
2634 1988 2955 2050 contente

475 2112 590 2177 pro
637 2112 705 2158 se
752 2095 888 2177 ipse
934 2094 1073 2176 lege
1119 2093 1319 2158 Varia
1364 2093 1620 2171 diceret,
1664 2096 1905 2158 terram
1951 2094 2232 2176 tangere.
2307 2092 2402 2159 Ut
2445 2092 2616 2157 enim
2661 2093 2952 2157 balistae

475 2343 668 2411 rigung
703 2341 1327 2409 (Selbstwegwerfung)“.
1366 2371 1431 2380 —
1468 2340 1755 2406 refutetur
1790 2356 1860 2395 ac
1894 2340 2189 2408 reiciatwr]
2229 2340 2549 2410 „verworfen
2579 2340 2689 2394 und
2717 2340 2941 2393 zui-tick—

476 2431 793 2500 gewiesen“.
825 2460 890 2470 -
920 2430 1289 2486 Philocteteus
1314 2430 1541 2500 clamor]
1579 2448 1622 2485 s.
1651 2432 1682 2499 ξ
1712 2431 1782 2485 14
1813 2448 1864 2484 ιι.
1894 2431 1981 2495 33,
2011 2431 2145 2485 auch
2172 2431 2487 2499 Lessings
2513 2429 2929 2498 Ausfiihrungeu

476 2523 549 2574 im
588 2520 911 2587 „Laokoon“
948 2519 1180 2574 Abschn.
1207 2519 1259 2573 4.
1300 2548 1367 2558 —
1405 2519 1671 2586 eiulatus]
1711 2518 2021 2586 ,‚Heulen“.
2089 2519 2381 2586 „Mulieres
2407 2535 2569 2588 genas
2594 2518 2842 2587 (Wange)
2865 2535 2941 2572 ne

479 2608 704 2663 radunto
740 2626 867 2663 neve
902 2610 1097 2662 lessum
1134 2608 1332 2662 funeris
1367 2625 1491 2677 ergo
1526 2609 1755 2662 habento
1767 2610 1796 2634 ‘⁴
1835 2608 1971 2662 hiess
2006 2625 2064 2662 es
2101 2609 2234 2663 nach
2270 2609 2349 2662 De
2384 2609 2486 2677 leg.
2522 2608 2594 2676 Π,
2631 2609 2702 2663 59
2738 2608 2795 2661 in
2833 2606 2939 2663 deu

479 2697 827 2762 Zwolftafelm
866 2699 1060 2753 lassum
1096 2698 1289 2751 deuten
1326 2697 1579 2751 romische
1619 2696 1866 2751 Gelehrte
1903 2697 1983 2751 als
2021 2698 2310 2768 luqubrem
2345 2698 2714 2751 eiulationem.

625 2799 707 2840 56.
762 2792 830 2841 ut
864 2803 920 2842 se
956 2786 1239 2854 intendat]
1280 2804 1413 2853 „um
1451 2786 1563 2840 sich
1598 2803 1983 2856 anzuspannen‚
2022 2804 2109 2839 um
2137 2786 2457 2857 Spannkraft
2493 2803 2557 2839 zu
2592 2785 2934 2853 gewinnen“.

478 2877 540 2930 In
580 2876 740 2929 welch
787 2875 1100 2929 raffinierter
1135 2875 1307 2928 Weise
1355 2875 1488 2929 auch
1541 2876 1625 2929 die
1671 2875 1882 2930 Redner
1936 2876 2018 2929 die
2064 2876 2533 2946 Stimmspannung
2576 2874 2934 2939 handhabten,

479 2966 741 3018 berichtet
777 2965 955 3020 Cicero
1003 2965 1075 3019 im
1125 2967 1176 3019 3.
1213 2965 1361 3018 Buch
1412 2965 1578 3031 „Vom
1624 2965 1876 3018 Redner“
1927 2965 2006 3031 (C.
2055 2964 2322 3019 Gracchus
2367 2965 2467 3018 mit
2521 2965 2714 3018 seinem
2768 2962 2925 3030 fiatu-

481 3055 662 3119 lator).
704 3081 768 3092 -—
806 3071 922 3109 non
943 3053 1095 3122 quod
1122 3093 1134 3106 .
1158 3094 1169 3107 .
1192 3095 1204 3107 .
1232 3053 1327 3107 scd
1362 3053 1520 3122 quia]
1560 3054 1756 3120 „nicht
1781 3055 1862 3108 als
1898 3055 1963 3108 ob
1993 3095 2006 3109 .
2030 3096 2043 3109 .
2066 3095 2079 3108 .
2109 3053 2333 3108 sondern
2360 3055 2476 3108 weil
2514 3096 2528 3108 .
2548 3093 2561 3105 .
2582 3055 2630 3108 .“
2660 3083 2723 3092 —
2757 3053 2935 3120 venit}

483 3167 547 3185 =
585 3142 790 3209 fertur,
830 3143 1118 3210 wuchtiger
1155 3184 1186 3209 „
1203 3142 1392 3197 wird“.

624 3282 780 3351 Kal).
820 3282 926 3341 24.
1002 3285 1308 3340 exclamare
1343 3285 1549 3352 maius]
1601 3285 1697 3338 wie
1743 3284 1816 3338 im
1853 3283 2222 3340 Griechischen
2259 3289 2409 3358 μέγα
2444 3293 2586 3354 βοᾶν
2633 3284 2927 3337 Akkusativ

482 3372 573 3426 des
611 3373 824 3426 inne-ren
862 3370 1101 3442 ijekts.
1174 3373 1281 3426 Der
1317 3374 1610 3427 Luststrom
1648 3374 1838 3427 erhoht
1882 3375 1978 3427 wie
2026 3374 2111 3428 die
2148 3374 2811 3443 Stimmbanderspannung
2843 3373 2935 3426 die

481 3461 784 3516 Tonstiirko.
848 3490 908 3499 -—
968 3460 1164 3532 fundi]
1214 3505 1242 3529 ‚‚
1260 3464 1551 3517 strssmen‘fl
1616 3492 1685 3502 —
1741 3462 1994 3518 omnibus
2041 3463 2294 3533 ungulis]
2358 3463 2500 3531 „mit
2548 3462 2770 3516 Hauden
2814 3462 2924 3515 und

482 3550 736 3618 Fiifsen“,
777 3551 1013 3605 wortlich
1051 3551 1304 3605 zuniichst
1338 3569 1438 3606 von
1476 3551 1575 3605 den
1613 3551 1788 3605 Hufen
1826 3552 2089 3622 (unques)
2125 3551 2218 3605 der
2253 3551 2453 3606 Pferde.
2486 3581 2551 3590 —
2582 3550 2923 3618 adserviunt]

483 3657 584 3694 nur
618 3640 732 3694 hier
771 3664 834 3683 ===
875 3640 1151 3695 adiuvant
1185 3640 1309 3694 oder
1344 3639 1672 3694 inserviunt.

631 3741 712 3782 Η.
769 3729 853 3783 Μ.
900 3727 1235 3797 Antonium]
1282 3728 1546 3783 Antonius
1580 3729 1848 3796 (143-—87
1888 3746 1936 3783 v,
1972 3727 2146 3794 Chr.,)
2194 3728 2287 3782 der
2324 3729 2596 3782 Vertreter
2641 3728 2734 3782 der
2779 3730 2933 3781 natu-

484 3817 817 3871 ralistischen
859 3816 1249 3871 Beredsamkeit
1302 3817 1356 3871 in
1408 3816 1685 3883 CiceroS,
1689 3817 1797 3882 ‚De
1850 3817 2101 3871 oratore“
2151 3818 2447 3886 gogoniiber
2494 3817 2612 3871 dem
2661 3816 2925 3870 technisch

483 3905 779 3974 gobildeten
800 3905 1038 3973 Crassus,
1075 3905 1205 3959 wird
1240 3906 1319 3960 als
1356 3906 1632 3974 ungemein
1669 3907 2153 3978 temperamentvoll
2188 3905 2535 3975 geschildert3
2572 3905 2655 3960 bei
2692 3905 2786 3959 der
2809 3904 2931 3958 Ver-

484 3994 760 4063 teidigung
795 3995 887 4048 des
923 3994 1187 4064 Aquillius
1223 3994 1376 4049 reisst
1411 4012 1469 4049 er
1504 3995 1697 4048 diesem
1735 3995 1819 4048 die
1855 3993 2060 4049 Tunika
2085 3995 2179 4048 auf
2209 3995 2317 4049 und
2354 3995 2494 4064 zeigt
2529 3994 2645 4048 dem
2684 3993 2815 4048 Vollr
2847 3993 2934 4047 dio

485 4081 695 4136 Narbon
733 4083 827 4137 der
863 4083 1105 4137 Wunden
1141 4084 1241 4150 (De
1278 4101 1350 4138 or.
1389 4083 1461 4151 11,
1507 4085 1644 4149 195).
1682 4113 1752 4123 -—-
1791 4084 2055 4151 contente]
2093 4084 2238 4151 „mit
2271 4084 2434 4138 voller
2468 4083 2687 4138 Krast“.
2729 4111 2796 4122 -
2821 4082 2933 4151 1⁶90

496 4169 695 4238 Varia]
747 4214 779 4238 „
795 4172 1073 4226 aulasslich
1109 4172 1202 4225 der
1259 4172 1363 4226 Lex
1397 4172 1623 4227 Varia“.
1698 4172 1888 4226 Varius
1935 4172 2087 4226 hatte
2150 4174 2238 4239 (91
2297 4190 2346 4227 v,
2402 4171 2548 4239 Chr.)
2595 4171 2929 4240 gerichtliche

485 4259 808 4329 Versolgung
840 4278 1008 4328 gegcn
1045 4260 1129 4314 die
1165 4262 1464 4330 beantragt,
1503 4262 1696 4316 welche
1732 4261 1817 4315 die
1851 4261 2130 4316 italischen
2155 4260 2621 4331 Bundesgenossen
2657 4278 2776 4315 zum
2809 4259 2929 4314 Auf-

488 4348 646 4401 stand
700 4349 986 4403 veraulafst
1041 4350 1246 4405 hatten.
1305 4381 1371 4390 —
1437 4351 1668 4405 balistae
1724 4392 1737 4405 .
1759 4392 1771 4405 .
1793 4392 1806 4405 .
1861 4350 2153 4418 tormenta]
2220 4350 2515 4405 Tormenta
2577 4351 2652 4404 ist
2706 4349 2798 4403 der
2847 4367 2929 4404 zu·
