3221 4850
466 329 569 390 126
1256 329 1674 384 Tusculanarum
1710 329 2125 399 disputationum

383 516 440 557 ιε
462 496 563 572 tu,
621 494 865 558 malum
910 493 1071 558 illud
1120 492 1402 574 quidem,
1457 492 1568 558 sed
1617 493 1740 557 alia
1786 493 2014 577 peiora.
2106 493 2300 575 ErgO,
2357 492 2423 556 id
2471 491 2639 575 quod
2685 494 2941 556 natura

460 602 601 684 ipsa
647 602 712 665 et
758 601 1098 682 quaedam·
1120 618 1428 682 generosa
1472 599 1677 664 virtus
1722 600 1949 664 statim
1992 600 2269 690 respuit,
2324 618 2405 664 ne
2462 600 2713 664 scilicet
2747 599 2933 664 dolo-

459 727 598 772 rem
655 726 982 772 summum
1036 708 1281 772 malum
1340 705 1580 772 diceres
1629 707 2040 790 oppositoque
2088 697 2388 772 dedecore
2436 706 2753 771 sententia
2811 706 2936 770 de-

461 815 791 897 pellerere,
847 815 915 878 in
976 832 1048 879 eo
1102 814 1414 896 magistra
1467 813 1636 878 vitae
1684 813 2080 897 philosophia
2123 815 2224 878 tot
2269 814 2524 878 saecula
2568 816 2928 896 permanet.

463 920 645 1000 Quod
702 922 849 986 huic
894 921 1197 999 officium,
1259 939 1421 1004 quae
1468 921 1638 998 lauS,
1699 921 1867 1002 quod
1913 921 2105 985 decus
2153 921 2275 985 erit
2321 919 2513 997 tanti,
2576 921 2742 1003 quod
2808 920 2929 985 ade-

459 1029 639 1112 ipisci
699 1048 845 1093 cum
905 1028 1116 1093 dolore
1177 1028 1453 1111 corporis
1514 1028 1704 1105 velit,
1775 1027 1885 1109 qui
1944 1027 2223 1092 dolorem
2284 1047 2609 1092 summum
2670 1028 2926 1091 malum

461 1136 581 1200 sibi
627 1154 763 1200 esse
809 1135 1246 1218 persuaserit?
1295 1153 1491 1217 quam
1519 1153 1705 1217 porro
1740 1135 1881 1216 quis
1921 1134 2348 1217 ignominiam,
2396 1153 2593 1216 quam
2637 1126 2923 1217 turpitu-

460 1243 671 1307 dinem
716 1261 844 1306 non
888 1243 1249 1325 pertulerit,
1296 1243 1371 1306 ut
1416 1241 1679 1324 effugiat
1724 1241 2038 1319 dolorem,
2085 1242 2141 1306 si
2183 1242 2248 1305 id
2296 1261 2624 1305 summum
2668 1242 2921 1305 malum

460 1369 597 1415 csse
646 1350 1041 1414 decreverit?
1090 1349 1231 1431 quis
1281 1351 1498 1413 autem
1542 1367 1671 1413 non
1717 1349 1909 1413 miser
1955 1367 2082 1412 non
2128 1348 2312 1412 modo
2360 1350 2531 1425 tunc,
2580 1368 2727 1413 cum
2771 1367 2919 1430 pre-

458 1459 669 1521 metur
716 1456 983 1521 summis
1017 1456 1354 1533 doloribus,
1401 1455 1456 1519 si
1500 1456 1567 1519 in
1612 1455 1713 1519 his
1761 1456 1861 1520 cst
1891 1474 2218 1519 summum
2247 1455 2511 1532 malum,
2558 1454 2669 1519 sed
2718 1455 2918 1520 ctiam

458 1583 606 1628 cum
654 1565 811 1628 sciet
853 1564 920 1627 id
967 1563 1085 1627 sibi
1129 1581 1313 1645 posse
1356 1562 1651 1627 evenire?
1699 1564 1765 1627 et
1812 1562 1954 1643 quis
2002 1566 2117 1638 est,
2165 1562 2268 1626 cui
2311 1580 2439 1626 non
2483 1562 2733 1645 possit?
2806 1561 2917 1625 Ita

377 1688 432 1729 ιτ
457 1670 558 1747 fit,
605 1672 680 1734 ut
725 1671 977 1734 omnino
1022 1688 1208 1735 nemo
1256 1688 1393 1734 esse
1440 1669 1641 1752 possit
1686 1670 1929 1734 beatus,
2019 1669 2420 1734 Metrodorus
2470 1668 2725 1751 quidem
2771 1688 2919 1752 per-

457 1778 619 1842 fecte
668 1796 815 1841 eum
859 1778 1121 1842 beatum
1165 1778 1386 1859 putat,
1447 1777 1551 1840 cui
1595 1795 1821 1859 corpus
1866 1777 2025 1841 bene
2074 1776 2499 1841 constitutum
2545 1776 2632 1839 sit
2687 1777 2753 1840 et
2808 1787 2917 1839 ex·-

456 1885 777 1966 ploratum
822 1884 915 1947 ita
944 1901 1191 1966 semper
1224 1882 1373 1947 fore.
1451 1881 1609 1962 Quis
1658 1884 1876 1947 autem
1923 1884 2022 1947 est
2066 1883 2207 1962 iste,
2254 1883 2356 1947 cui
2399 1882 2464 1946 id
2512 1882 2917 1965 exploratum

454 1991 657 2073 possit
702 1993 887 2055 esse?

395 2100 433 2160 7
631 2098 945 2182 Epicurus
994 2116 1138 2162 vero
1186 2117 1262 2162 ea
1308 2096 1485 2176 dicit,
1539 2099 1615 2161 ut
1666 2098 1825 2161 mihi
1873 2097 2129 2179 quidem
2176 2097 2342 2160 risus
2390 2098 2648 2178 captare
2698 2095 2920 2160 videa-

453 2206 578 2268 tur.
670 2204 985 2268 Adfirmat
1044 2204 1214 2269 enim
1275 2204 1549 2286 quodam
1606 2204 1768 2280 1000,
1833 2204 1888 2268 si
1941 2205 2167 2266 uratur
2223 2203 2500 2286 sapienS,
2563 2204 2617 2266 si
2672 2204 2919 2267 crucie-

453 2312 561 2373 tur
607 2348 690 2357 —
740 2313 1067 2394 exspectas
1098 2310 1385 2388 fortasse,
1432 2311 1587 2374 dum
1619 2311 1822 2375 dicat:
1871 2291 2212 2394 ‚,patietur,
2257 2309 2547 2393 perferet,
2594 2329 2719 2374 non
2766 2329 2918 2375 suc-

454 2416 711 2481 cumbet
725 2422 794 2490 “3
863 2436 1099 2500 magna
1158 2417 1519 2483 mehercule
1581 2418 1721 2481 laus
1781 2418 1846 2481 et
1903 2437 1975 2482 eo
2035 2418 2205 2501 ipso,
2262 2437 2374 2501 per
2435 2436 2626 2500 quem
2685 2417 2917 2497 iuravi,

452 2664 666 2751 Schu103
717 2683 850 2738 nach
900 2684 1009 2737 ihm
1057 2666 1254 2737 beruht
1303 2683 1396 2736 der
1431 2683 1583 2737 Wert
1633 2684 1725 2737 der
1772 2683 2013 2737 dusseren
2051 2682 2220 2738 Giiter
2264 2682 2357 2736 auf
2395 2656 2763 2752 Einbildungs
2808 2684 2916 2738 Die

451 2772 639 2827 Schule
675 2773 878 2827 erlosch
913 2771 1054 2826 bald.
1129 2771 1180 2826 S.
1219 2789 1281 2824 zu
1319 2772 1382 2839 V,
1420 2773 1506 2827 85.

600 2883 679 2925 16.
717 2870 991 2940 quaedam
1004 2887 1268 2940 qenerosa
1294 2871 1492 2938 virtus]
1516 2913 1545 2937 ,‚
1559 2887 1842 2938 sozusagen
1871 2870 1924 2923 in
1953 2871 2046 2922 der
2075 2868 2295 2936 (deiner)
2325 2869 2541 2923 Familie
2571 2871 2662 2936 (im
2683 2869 2914 2935 Stamm)

448 2959 683 3027 liegende
708 2959 1107 3027 Tiichtigkeit“.
1141 2988 1204 2996 -
1242 2960 1480 3028 respuit]
1508 2975 1763 3027 respuere
1793 2976 1925 3024 „von
1953 2958 2064 3011 sich
2092 2958 2342 3025 weisen“,
2373 2976 2413 3012 z.
2445 2958 2504 3013 B.
2534 2958 2911 3026 condiciones,

449 3049 655 3101 starker
682 3050 761 3101 als
787 3064 1051 3117 spernere.
1093 3077 1154 3087 —-
1194 3063 1265 3101 ne
1300 3049 1527 3115 scilieet]
1565 3049 1628 3100 In
1664 3049 1878 3116 respuit
1914 3047 2145 3101 schwebt
2172 3047 2265 3100 der
2290 3047 2493 3115 Begriff
2514 3048 2606 3101 des
2635 3048 2910 3102 Hinderns

448 3153 554 3203 vor,
593 3137 754 3189 daher
780 3154 865 3204 ue,
903 3138 1029 3190 aber
1064 3137 1162 3190 mit
1198 3137 1313 3190 dem
1342 3153 1445 3205 que
1480 3137 1835 3203 (‚,sondern“)
1871 3153 1969 3190 von
1995 3137 2351 3206 oppositoque
2379 3137 2507 3189 wird
2537 3137 2629 3189 der
2657 3135 2911 3191 Gedanke

446 3226 639 3295 positiv
673 3226 957 3293 gewendet.
1013 3255 1077 3263 —
1126 3227 1192 3279 in
1238 3226 1318 3293 eo]
1369 3227 1488 3293 gibt
1532 3243 1698 3294 gegen
1735 3224 1798 3279 id
1837 3225 1984 3294 quod
2018 3225 2265 3292 gehalten
2310 3226 2394 3278 ein
2439 3226 2659 3278 leichtes
2695 3225 2907 3279 Anako-

445 3314 583 3368 luth.
635 3344 700 3353 —
754 3314 1006 3380 officium
1053 3356 1064 3368 .
1095 3356 1107 3368 .
1136 3356 1147 3368 .
1196 3331 1319 3368 cum
1356 3314 1563 3382 dolore]
1615 3314 1897 3384 Kalliphon
1934 3315 2042 3368 und
2077 3314 2455 3368 Deinomachos
2500 3331 2543 3368 z.
2582 3314 2643 3368 B.
2689 3314 2906 3368 wollten

444 3404 697 3459 honestas
734 3404 841 3457 und
876 3403 1190 3458 indolentia
1236 3404 1544 3471 verbinden,
1596 3420 1796 3457 woraus
1846 3404 1971 3456 aber
2017 3404 2152 3456 nach
2197 3402 2402 3458 Ciceros
2449 3402 2772 3471 Auffassung
2815 3404 2905 3457 ein

446 3493 812 3559 sonderbares,
864 3493 1266 3564 unpraktisches
1316 3491 1558 3563 Gespann
1613 3494 1855 3546 entsteht
1901 3495 1967 3559 (s.
2004 3492 2068 3560 V,
2105 3493 2213 3558 85).
2268 3519 2340 3531 —
2392 3492 2902 3562 decreverit]„1²18

445 3580 743 3636 Grundsatz
779 3583 1015 3655 (δόγμα)
1050 3583 1356 3650 ausgestellt
1391 3582 1548 3637 hat‘fl

595 3693 672 3734 17.
720 3681 1103 3749 Metrodorus]
1157 3697 1198 3734 s.
1246 3681 1276 3749 §
1313 3681 1374 3747 8,
1427 3680 1521 3733 das
1566 3679 1768 3748 gleiche
1816 3679 1895 3732 De
1937 3678 2028 3733 fin.
2065 3679 2147 3747 11,
2186 3679 2284 3733 92:
2338 3678 2503 3749 „Ipse
2548 3678 2901 3744 Metrodorus,

442 3785 605 3838 paene
640 3770 777 3822 alter
816 3768 1096 3840 Epicurus,
1145 3772 1357 3823 beatum
1403 3786 1517 3823 esse
1553 3769 1805 3825 describit
1838 3770 1922 3822 his
1961 3769 2065 3822 fore
2100 3768 2297 3822 verbis:
2350 3766 2505 3835 ,Cum
2541 3784 2731 3838 corpus
2766 3767 2900 3821 benc

442 3857 791 3911 constitutum
829 3859 903 3912 sit
937 3862 995 3912 et
1030 3859 1104 3911 sit
1139 3859 1464 3929 exploratum
1500 3859 1581 3911 ita
1616 3859 1851 3912 futurum
1864 3859 1895 3911 ‘.
1966 3857 2052 3912 An
2087 3857 2143 3911 id
2178 3858 2503 3928 exploratum
2538 3858 2898 3926 (,gesichert‘)

442 3947 682 4017 cuiquam
718 3950 896 4017 potest
932 3964 1070 4014 esse,
1121 3947 1376 4018 quomodo
1425 3964 1482 4001 se
1528 3948 1627 4001 hoc
1661 3947 1967 4001 habiturum
2003 3946 2078 4000 sit
2112 3963 2328 4016 corpus,
2375 3963 2479 4000 non
2526 3945 2642 4000 dico
2690 3945 2759 3999 ad
2807 3962 2898 3999 an-

440 4052 582 4102 num,
621 4035 712 4089 sed
748 4035 816 4089 ad
854 4035 1212 4106 vesperum?“

581 4177 738 4246 Καρ.
787 4179 846 4234 7.
918 4178 1069 4233 risus
1117 4178 1368 4247 captare]
1427 4179 1563 4246 „auf
1604 4178 1689 4232 die
1736 4177 2115 4233 Lachmuskeln
2162 4177 2417 4232 wirkon“.
2468 4206 2535 4216 --
2587 4177 2639 4232 si
2688 4176 2895 4234 crucie-

442 4271 539 4319 tm·
575 4307 588 4320 .
610 4307 623 4320 .
644 4266 682 4336 .]
706 4267 815 4321 Der
841 4265 894 4320 N
894 4267 1106 4321 achsatz
1133 4267 1265 4335 geht
1290 4268 1343 4322 in
1374 4268 1459 4322 die
1485 4266 1669 4323 Oratio
1695 4271 1841 4321 recta
1863 4268 2006 4322 iiber.
2048 4266 2113 4304 -‘-
2152 4272 2430 4336 eoespeetas
2465 4307 2478 4321 .
2500 4304 2514 4321 .
2534 4306 2549 4320 .
2585 4265 2742 4333 dum]
2779 4265 2899 4320 wir

439 4357 750 4408 erwarteten
785 4356 911 4409 91191·
944 4362 1227 4424 exspectas
1262 4361 1343 4410 ut.
1383 4384 1452 4396 —
1499 4356 1819 4424 mehercule]
1867 4356 1990 4410 oder
2025 4355 2373 4422 mehercules,
2420 4355 2530 4408 alte
2564 4353 2764 4424 Ellipse
2800 4370 2895 4408 zur
