3221 4850
522 251 554 310 1
567 250 640 312 48
1327 262 1745 319 Tusculanarum
1781 266 2194 337 disputationum

715 428 814 495 Μ’,
864 430 1043 498 Sitne
1087 420 1286 504 igitur
1316 425 1559 490 malum
1608 427 1819 494 dolere
1859 449 2075 510 necne,
2125 432 2322 499 Stoici
2353 436 2647 516 viderint,
2696 441 2814 521 qui
2867 460 3046 506 oon-

537 519 795 607 ¹3ortulis
844 545 1226 625 quibusdam
1258 536 1323 599 et
1352 535 1621 601 minutis
1653 537 2186 606 conclusiunculis
2216 560 2335 608 nec
2366 542 2446 607 ad
2479 562 2706 610 sensus
2747 565 3045 630 perma-

537 650 841 715 nantibus
889 650 1052 716 effici
1096 652 1320 716 volunt
1362 668 1492 715 non
1538 668 1678 715 esse
1725 650 1969 714 malum
2016 648 2314 714 dolorem.
2404 651 2540 733 Ego
2583 652 2777 731 illud,
2834 655 3044 736 quic-

539 756 693 839 quid
738 757 849 835 sit,
895 759 1152 822 tantum
1197 776 1370 835 esse,
1417 758 1734 839 quantum
1779 755 2101 833 videatur,
2145 775 2273 821 non
2319 760 2474 840 puto
2519 758 2820 841 falsaque
2873 761 3039 826 eius

536 863 776 929 visione
836 867 901 928 et
957 865 1164 948 specie
1223 864 1465 929 moveri
1525 864 1814 928 homines
1875 863 2014 928 dico
2075 864 2515 929 vehementius
2586 865 3036 951 doloremque

536 989 791 1035 omnem
839 989 977 1035 esse
1024 971 1438 1037 tolerabilem.
1527 970 1715 1037 Unde
1761 971 1959 1053 igitur
2019 971 2271 1035 ordiar?
2334 990 2415 1036 an
2471 973 2749 1038 eadem
2788 976 3034 1040 -bre-

541 1077 755 1142 viter
800 1078 1241 1160 attingam,
1289 1097 1491 1160 quae
1537 1077 1763 1142 modo
1806 1077 2002 1155 dixi,
2034 1097 2159 1159 quo
2191 1077 2437 1143 facilius
2469 1080 2669 1145 oratio
2692 1083 3031 1165 ,progredi

449 1224 519 1269 ⁴3
540 1185 744 1269 possit
773 1185 1068 1267 longius?
1143 1186 1324 1250 Inter
1355 1204 1573 1250 omnes
1620 1185 1817 1268 igitur
1860 1185 1981 1250 hoc
2013 1188 2264 1250 constat
2307 1205 2426 1251 nec
2455 1186 2672 1252 doctos
2704 1189 3024 1255 homines

541 1293 765 1368 solum,
812 1292 924 1357 sed
957 1293 1152 1357 etiam
1183 1292 1487 1370 indoctoS‚
1533 1293 1815 1357 virorum
1862 1311 2000 1357 esse
2046 1292 2309 1357 fortium
2340 1296 2407 1357 et
2435 1295 3023 1376 magnanimorum

539 1402 606 1464 et
651 1399 1031 1482 patientium
1078 1404 1145 1464 et
1187 1400 1471 1464 humana
1517 1399 1907 1464 vincentium
1952 1400 2303 1464 toleranter
2349 1400 2628 1465 dolorem
2657 1403 2837 1485 pati;
2888 1424 3019 1468 nec

538 1525 686 1570 vero
734 1506 1075 1588 quisquam
1121 1506 1275 1585 fuit,
1324 1507 1434 1589 qui
1480 1525 1628 1571 eum
1647 1555 1663 1584 ,
1718 1507 1829 1588 qui
1873 1507 1967 1570 ita
2011 1508 2371 1590 pateretur,
2424 1527 2552 1572 non
2596 1509 3016 1575 laudandum

536 1614 813 1696 putaret.
890 1610 1074 1692 Quod
1121 1632 1269 1695 ergo
1317 1614 1384 1677 et
1427 1613 1794 1696 postulatur
1840 1630 1879 1676 a
1921 1611 2198 1677 fortibus
2248 1615 2314 1678 et
2356 1613 2676 1692 laudatur,
2724 1634 2882 1679 cum
2915 1616 3015 1693 fit,

536 1720 602 1783 id
650 1723 764 1784 aut
812 1721 1220 1785 extimescere
1283 1720 1541 1784 veniens
1602 1723 1719 1783 aut
1777 1738 1903 1783 non
1963 1718 2127 1783 ferre
2173 1738 2476 1802 praesens
2535 1740 2744 1786 nonne
2806 1724 3013 1805 turpe

538 1828 682 1889 est?
774 1827 1017 1907 Atquin
1062 1825 1237 1903 vide,
1294 1845 1406 1902 ne,
1465 1845 1613 1891 cum
1661 1844 1879 1890 omnes
1940 1828 2149 1890 rectae
2197 1826 2393 1890 animi
2439 1826 2827 1893 adfectiones
2878 1831 3014 1893 vir-

536 1934 710 1997 tutes
758 1933 1187 2016 appellentur,
1244 1952 1371 1998 non
1430 1933 1516 1998 sit
1560 1934 1683 1998 hoc
1726 1934 2054 2016 proprium
2099 1953 2332 1997 nomen
2378 1934 2694 2011 omnium,
2755 1936 2874 1999 sed
2925 1938 3011 2000 ab

536 2058 631 2117 ea,
677 2058 840 2122 quae
886 2059 1017 2105 una
1063 2041 1289 2106 ceteris
1337 2041 1702 2118 excellebat,
1748 2059 1965 2105 omnes
2011 2041 2374 2105 nominatae
2423 2041 2570 2105 sint.
2653 2043 3013 2125 Appellat-a

536 2148 639 2210 est
683 2147 854 2211 enim
902 2166 977 2211 ex
1022 2148 1154 2212 viro
1203 2148 1444 2227 virtus;
1491 2147 1612 2212 viri
1658 2149 1875 2211 autem
1920 2148 2173 2230 propria
2203 2148 2476 2212 maxime
2524 2151 2624 2212 est
2667 2148 3010 2226 fortitudo,

540 2430 775 2499 zeugend
803 2431 959 2484 wirkt
986 2431 1136 2484 deine
1158 2431 1530 2500 Darlegung“.
1568 2461 1636 2471 —
1675 2430 1943 2499 viderint]
1974 2454 2039 2474 =
2070 2431 2299 2486 videant
2325 2435 2379 2498 (,‚
2396 2432 2659 2500 ausfindig
2684 2435 3004 2500 machen“);

538 2520 763 2574 beliebte
797 2519 1018 2586 Formel,
1058 2537 1145 2574 um
1185 2537 1280 2574 von
1318 2519 1463 2574 einer
1496 2520 1809 2588 Streitfrage
1844 2520 2175 2588 abzugehen3
2224 2521 2327 2589 vgl.
2363 2522 2394 2589 ξ
2430 2522 2518 2575 28.
2561 2551 2625 2560 —·
2664 2524 3004 2578 emtor-tulis

540 2649 552 2662 .
576 2650 588 2663 .
611 2651 623 2664 .
663 2609 1156 2678 conclusiunculis]
1193 2609 1293 2663 Die
1328 2609 1657 2663 Diminutiva
1692 2626 1789 2663 von
1818 2614 2101 2665 contortus
2135 2610 2478 2677 (verwickelt,
2521 2610 2827 2678 gewunden‚
2868 2629 3003 2679 „ge-

538 2699 861 2765 schraubt“)
899 2699 1005 2753 und
1043 2715 1139 2752 von
1178 2700 1458 2753 conclusio
1493 2698 1665 2752 malen
1703 2698 1787 2752 die
1823 2697 2249 2768 Spitzfindigkeit
2295 2699 2404 2752 und
2453 2698 2849 2770 Haarspalterei
2904 2701 3002 2754 der

537 2789 771 2855 Stoiker;
798 2789 913 2842 ihre
942 2787 1324 2855 „Schliisschen
1338 2788 1370 2814 “
1398 2788 1759 2842 ratiunculae
1785 2788 1991 2842 werden
2017 2788 2154 2842 auch
2182 2792 2331 2841 sonst
2350 2788 2430 2841 als
2449 2788 2635 2857 laquei
2651 2788 3001 2857 (Schlingen),

537 2879 792 2946 captiosa
825 2877 1048 2944 (Fallen)
1085 2895 1135 2931 u.
1173 2882 1221 2932 a.
1259 2877 1574 2943 bezeichnet‚
1613 2878 1717 2945 vgl.
1757 2894 1820 2931 zu
1846 2876 1947 2942 111,
1977 2877 2062 2930 22.
2103 2906 2170 2915 -
2207 2893 2308 2932 nec
2342 2877 2419 2931 ad
2442 2893 2634 2932 sensus
2658 2893 3002 2944 permanan-

538 2966 707 3035 tibus]
758 2971 893 3020 etwa
942 2966 1043 3032 „in
1077 2967 1221 3020 ihrer
1258 2965 1628 3020 abstossenden
1664 2965 2112 3029 Abstraktheit“;
2165 2964 2357 3032 „nicht
2402 2983 2464 3019 zu
2502 2966 2707 3019 Herzen
2741 2966 2998 3033 gehend“

537 3056 614 3108 ist
650 3073 713 3108 zu
750 3072 883 3123 eng;
934 3056 1018 3108 die
1053 3055 1400 3123 Darstellung
1435 3054 1530 3109 der
1564 3053 1802 3121 Stoiker,
1852 3054 1936 3107 die
1972 3053 2150 3110 Cicero
2187 3055 2266 3109 ost
2300 3054 2378 3108 als
2417 3060 2608 3110 tennes
2659 3055 2766 3108 und
2812 3055 3000 3111 ieiuni

539 3144 857 3210 bezeichnet,
894 3143 1078 3212 bringt
1113 3145 1263 3198 nicht
1297 3144 1494 3205 Bilder‚
1531 3143 1709 3197 nichts
1746 3143 2171 3209 Anschauliches,
2210 3145 2399 3209 nichts,
2440 3161 2546 3198 was
2583 3144 2750 3198 durch
2785 3144 2869 3197 (lie
2905 3163 2999 3213 ge-

540 3232 742 3286 sunden
779 3232 938 3287 Sinna
973 3232 1066 3286 des
1101 3233 1380 3287 Menschon
1419 3232 1606 3301 (Auge,
1646 3232 1773 3299 Ohr,
1811 3231 2022 3296 Goffihl)
2057 3233 2114 3286 in
2150 3233 2235 3286 die
2260 3233 2406 3286 Seele
2440 3233 2808 3301 hincingleitet
2843 3234 2999 3302 (per-

537 3325 807 3389 manare).
859 3351 927 3361 —
982 3321 1151 3392 effici]
1192 3323 1489 3390 „bewiesen
1527 3323 1683 3376 seben
1702 3327 1751 3377 “.
1802 3352 1872 3360 -
1921 3321 2199 3391 quidquid
2231 3322 2331 3389 sit]
2368 3322 2694 3392 Konjunktiv
2729 3321 2824 3376 wie
2857 3324 2998 3377 oster

539 3412 675 3466 beim
695 3412 1033 3467 Einschalten
1061 3413 1115 3466 in
1143 3412 1244 3467 den
1270 3412 1471 3466 Akkus.
1500 3411 1601 3466 mit
1627 3412 1779 3466 Infin.
1807 3411 1919 3479 (Or.
1946 3411 2192 3481 obliqua).
2223 3441 2291 3450 —
2328 3412 2449 3466 eiua
2475 3411 2685 3467 visione
2709 3417 2765 3466 et
2790 3412 2996 3480 specie]

540 3518 821 3570 synonym:
861 3501 992 3567 „die
1027 3501 1369 3569 Vorstellung
1405 3500 1517 3556 und
1544 3500 1640 3554 das
1668 3501 1788 3554 Bild
1815 3517 1916 3555 von
1943 3501 2053 3554 ihm
2068 3505 2098 3526 ‘⁴
2137 3499 2423 3566 (EIndruck
2450 3500 2632 3553 macht
2656 3500 2750 3553 auf
2782 3541 2795 3553 .
2817 3541 2830 3554 .
2852 3501 2903 3566 .).
2924 3531 2996 3540 —

549 3591 703 3646 Unde
741 3632 754 3644 .
777 3632 789 3645 .
811 3632 824 3645 .
862 3591 1082 3659 ordiar]
1120 3589 1401 3660 Redefigur
1436 3590 1530 3644 der
1564 3590 1987 3646 communicatio
2018 3589 2399 3657 (deliberatio).
2440 3618 2507 3627 —
2545 3590 2827 3657 attingam
2852 3604 2998 3657 quae

541 3722 554 3734 .
576 3720 587 3733 .
612 3723 624 3734 .
664 3681 809 3747 dimi]
848 3680 958 3734 Das
990 3680 1347 3734 Kunstmittel
1383 3679 1476 3733 der
1514 3679 2306 3746 „Zusammenfassung“
2345 3677 2474 3731 wird
2513 3694 2612 3732 von
2639 3677 2817 3732 Cicero
2852 3694 2999 3748 emp-

541 3770 712 3823 fohlen
749 3769 856 3823 und
894 3769 972 3823 oft
1006 3769 1333 3837 angewandt.

686 3873 710 3911 4
724 3871 769 3913 8.
854 3859 1103 3912 humana
1163 3858 1522 3926 vincentium]
1613 3899 1644 3923 ‚‚
1658 3856 1742 3911 die
1804 3856 1898 3910 des
1957 3855 2343 3910 Menschlichen
2418 3855 2535 3922 (der
2607 3855 2997 3910 menschlichen

538 3947 873 4012 Schwiiehen)
919 3946 1060 4001 Hert
1095 3946 1299 4001 werden
1312 3948 1362 4013 “,
1413 3948 1603 4001 ebenso
1642 3957 1814 4001 νικᾶν.
1854 3975 1921 3984 -
1960 3943 2199 4014 Atquin]
2237 3945 2321 3998 fiir
2354 3945 2550 4013 Atqui.
2604 3974 2678 3983 —
2735 3943 2889 4012 Vide,
2923 3963 2999 4001 ne

662 4035 801 4105 non]
841 4035 1008 4103 „Sieh
1045 4053 1124 4102 zu,
1161 4036 1226 4089 ob
1252 4036 1466 4091 nicht“.
1504 4065 1573 4076 -
1609 4042 1792 4091 rectae
1933 4034 2294 4102 adfectiones]
2334 4034 2464 4099 „die
2503 4034 2764 4101 richtigen
2790 4036 3000 4101 (natur-

538 4127 826 4193 gemassen)
862 4126 1245 4194 Verfassungen
1281 4126 1374 4179 der
1408 4125 1614 4180 Seele“.
1666 4124 1961 4193 Gegensatz
1991 4139 2207 4194 pravae
2243 4124 2581 4190 adfectiones
2617 4122 2742 4177 oder
2770 4129 2996 4192 pertar-

540 4215 791 4271 bationes
824 4218 1043 4282 (πάθη).
1081 4243 1149 4254 -
1180 4215 1476 4285 proprium
1510 4214 1731 4281 nomen]
1772 4213 1912 4280 „der
1946 4214 2058 4266 ihm
2095 4212 2463 4267 zukommende
2488 4212 2657 4267 Name
2681 4214 2732 4267 “.
2773 4241 2838 4251 —-
2875 4213 2994 4282 Ap·

533 4305 745 4372 pellata
794 4309 872 4359 est
920 4344 933 4358 .
951 4345 964 4358 .
986 4344 999 4358 .
1045 4303 1245 4373 vinus]
1290 4303 1389 4358 Die
1440 4302 1653 4358 Wiirter
1699 4304 1791 4358 vir
1840 4301 1949 4357 und
1989 4303 2171 4357 virtus
2219 4301 2336 4356 sind
2385 4301 2799 4356 beizubehalten.
2873 4301 2999 4372 Vgl.
