3221 4850
1268 331 1379 385 Lib.
1419 330 1490 400 11,
1528 347 1575 385 ο.
1613 332 1699 387 27.
2609 331 2715 393 1⁶8

256 495 324 559 et
367 495 603 559 nootes.
693 492 918 558 Latius
965 493 1134 559 enim
1179 493 1467 560 manabit
1511 494 1670 559 haee
1713 493 1876 558 ratio
1923 496 1991 559 et
2038 494 2362 577 aliquanto
2408 495 2713 561 maiorem

254 602 469 667 locum
516 619 710 683 quam
757 599 834 665 de
881 619 1008 665 uno
1067 600 1279 666 dolore
1338 599 1689 685 occupabit.
1778 600 1949 665 Nam
2005 601 2060 665 si
2106 601 2317 666 omnia
2375 600 2712 685 fugiendae

254 706 671 791 turpitudinis
719 707 1291 791 adipiscendaeque
1335 707 1692 773 honestatis
1740 725 1936 772 eausa
1981 706 2310 787 faciemus,
2354 726 2481 773 non
2524 709 2712 774 modo

255 816 550 880 stimulos
597 814 827 879 doloris
841 863 857 893 ,
904 814 1015 879 sed
1062 815 1257 880 etiam
1301 814 1572 879 fulmina
1616 814 1908 880 fortunae
1956 816 2436 881 oontemnamus
2483 816 2712 894 licebit,

254 922 634 1007 praesertim
693 940 840 988 oum
897 923 1196 1005 paratum
1256 921 1343 987 sit
1401 921 1559 986 illud
1617 940 1694 987 ex
1737 922 2039 987 hesterna
2099 922 2526 1007 disputatione
2572 941 2715 1006 per-

252 1029 522 1112 fugium.
586 1029 681 1096 Ut
727 1029 915 1107 enim,
962 1028 1018 1093 si
1063 1029 1167 1094 oui
1210 1029 1557 1111 naviganti,
1601 1028 1952 1112 praedones
1983 1030 2044 1093 si
2070 1030 2508 1112 insequantur,
2555 1029 2711 1094 deus
2734 1049 2794 1092 υτ

255 1137 368 1219 qui
398 1136 662 1202 dixerit:
710 1136 903 1215 „Eiee
949 1137 1015 1201 te
1063 1157 1096 1201 e
1138 1136 1321 1212 navi;
1369 1138 1624 1220 praesto
1672 1138 1789 1215 est,
1837 1137 1948 1220 qui
1993 1138 2280 1221 excipiat,
2323 1138 2426 1203 vel
2471 1137 2714 1221 delphi-

250 1262 408 1323 nus,
466 1245 542 1308 ut
598 1244 901 1309 Arionem
960 1243 1487 1327 Methymnaeum
1505 1292 1521 1322 ,
1581 1244 1685 1310 vel
1744 1245 1892 1328 equi
1936 1245 2188 1330 Pelopis
2248 1245 2343 1310 illi
2387 1244 2711 1329 Neptunii,

253 1351 366 1433 qui
434 1370 599 1434 ,per
673 1351 935 1416 undas
1011 1369 1305 1417 ourrus
1381 1369 1832 1436 suspensos
1908 1354 2324 1438 rapuisse‘
2395 1352 2712 1431 dicuntur,

252 1458 565 1541 excipient
610 1459 676 1522 te
724 1459 816 1536 et,
863 1477 988 1540 quo
1032 1457 1188 1523 velis
1204 1506 1220 1537 ‚
1264 1458 1586 1545 perferent
1595 1464 1648 1538 “,
1695 1479 1949 1525 omnem
1995 1460 2253 1525 omittat
2297 1460 2353 1525 is
2398 1460 2711 1537 timorem,

251 1565 345 1629 sio
391 1565 766 1646 urgentibus
799 1564 1039 1648 asperis
1088 1568 1154 1630 et
1199 1564 1429 1630 odiosis
1461 1565 1801 1644 doloribus,
1849 1567 1904 1631 si
1948 1567 2115 1631 tanti
2156 1567 2302 1646 sint,
2345 1569 2424 1631 ut
2467 1566 2712 1633 ferendi

227 1688 379 1735 non
427 1671 573 1748 sint,
621 1689 746 1753 quo
792 1671 879 1736 sit
923 1671 1435 1754 confugiendum,
1480 1674 1555 1737 tu
1600 1672 1796 1739 vides
2194 1681 2201 1690 “

428 1787 605 1853 Haeo
650 1786 780 1852 fere
826 1788 946 1853 hoe
989 1789 1276 1872 tempore
1321 1788 1544 1872 putavi
1590 1807 1731 1854 esse
1777 1789 2060 1855 dicenda.
2147 1788 2272 1855 Sed
2318 1792 2394 1854 tu
2438 1788 2709 1855 fortasse

249 1894 319 1958 in
366 1894 685 1959 sententia
729 1912 1083 1977 permanes.

429 2007 515 2072 A.
561 2008 824 2076 Minime
870 2029 1051 2090 vero,
1096 2030 1328 2093 meque
1373 2011 1565 2078 biduo
1613 2012 1886 2077 duarum
1931 2031 2179 2091 rerum,
2228 2030 2388 2095 quas
2433 2012 2708 2078 maxime

251 2115 579 2195 timebam,
625 2135 810 2201 spero
858 2117 1201 2184 liberatum
1245 2121 1442 2185 metu.

251 2401 399 2458 libra
438 2401 679 2459 Critolai
726 2420 791 2458 zu
835 2403 868 2473 ἓ
902 2404 975 2460 30
1012 2403 1121 2458 und
1156 2402 1221 2472 V,
1256 2402 1354 2471 513
1405 2446 1439 2473 „
1453 2420 1570 2459 zum
1617 2403 2019 2460 Versehwinden
2069 2404 2355 2461 fiberdeekt
2399 2405 2528 2462 wird
2542 2407 2592 2463 “.
2638 2437 2707 2447 -

255 2493 508 2548 manabit
540 2494 676 2548 haec
708 2492 885 2561 ratio]
924 2535 955 2561 „
968 2493 1109 2548 diese
1144 2492 1504 2563 Ansehannng
1537 2494 1670 2549 wird
1704 2495 1912 2549 weitere
1946 2494 2130 2550 Kreise
2165 2497 2561 2567 umspannen“;
2613 2498 2708 2551 wie

252 2582 285 2650 ξ
320 2582 409 2639 58.
447 2614 514 2622 -—
563 2583 817 2639 stimulos
861 2582 1093 2651 dolor-ie]
1142 2583 1237 2637 wie
1283 2583 1379 2637 das
1413 2582 1538 2637 Bild
1582 2583 1745 2640 dolor
1778 2584 1989 2654 pumyit
2026 2613 2093 2622 —
2129 2583 2296 2650 fodit.
2346 2614 2415 2625 -
2463 2584 2708 2652 fulmina

248 2671 539 2739 fortwnae]
582 2671 693 2726 Das
728 2671 996 2726 Schioksal
1032 2672 1180 2727 fflhrt
1213 2672 1309 2727 wie
1344 2673 1428 2726 ein
1470 2671 1746 2727 Unwetter
1780 2673 1943 2727 daher
1978 2673 2215 2740 (invehit
2250 2674 2468 2745 aliquid
2502 2675 2566 2730 in
2601 2675 2707 2730 ali-

250 2762 448 2830 quem).
488 2789 555 2799 —-
594 2777 660 2816 ex
694 2761 951 2816 hesterna
986 2759 1365 2830 disputatione
1392 2761 1739 2830 perfuqiwm]
1776 2761 1883 2816 Der
1919 2762 2055 2831 Tod,
2092 2762 2185 2817 der
2218 2763 2274 2818 in
2311 2763 2404 2818 der
2437 2765 2705 2834 gestrigen

251 2848 576 2918 Erorterung
622 2849 702 2904 als
738 2849 823 2904 ein
860 2847 971 2905 Gut
1007 2849 1253 2904 erwiesen
1289 2850 1490 2918 wurde,
1537 2851 1678 2905 kann
1715 2853 1872 2906 unter
1905 2851 2232 2907 Umstiinden
2278 2851 2442 2908 leicht
2483 2854 2708 2923 gesneht

252 2938 360 2992 und
394 2938 657 3008 gefunden
692 2939 915 2995 werden.

395 3048 478 3092 67.
525 3036 597 3092 Ut
631 3038 683 3092 si
720 3077 733 3090 .
758 3079 771 3093 .
793 3078 805 3092 .
842 3038 893 3093 ei
929 3037 1299 3107 insequamtwr
1336 3079 1382 3093 ..
1404 3079 1417 3093 .
1454 3037 1695 3105 dimovit,
1731 3039 1836 3108 sic]
1860 3038 2090 3094 Beachte
2127 3040 2213 3094 die
2249 3040 2355 3094 Art
2389 3040 2483 3095 der
2516 3040 2704 3095 Unter-

251 3124 507 3195 ordnung.
546 3156 612 3166 —
652 3126 788 3182 deus
823 3126 941 3196 quss
977 3129 1108 3190 θεός
1144 3148 1239 3190 τις.
1279 3155 1344 3164 --
1390 3133 1618 3198 praesto
1654 3133 1734 3184 est
1767 3130 1866 3199 qui
1903 3130 2151 3198 excipiat
2185 3131 2270 3185 vel
2305 3170 2319 3185 .
2339 3171 2353 3186 .
2376 3171 2388 3185 .
2425 3131 2528 3200 vel]
2568 3148 2707 3199 „zur

249 3215 541 3270 Aufnahme
576 3216 745 3270 bereit
778 3216 870 3284 ist,
908 3216 984 3270 sei
1019 3234 1076 3271 es
1105 3258 1119 3272 .
1137 3258 1150 3272 .
1168 3258 1181 3272 .
1211 3216 1288 3270 sei
1323 3233 1379 3272 es
1392 3217 1443 3272 “.
1482 3245 1552 3256 —
1588 3217 1875 3286 Ανίοηοηι]
1913 3217 2068 3272 Diese
2094 3218 2339 3288 Rettung
2363 3218 2553 3274 Arione
2589 3221 2706 3287 (aue

249 3304 558 3374 Methymna
592 3306 687 3359 auf
716 3305 930 3372 Lesbos)
965 3305 1041 3359 ist
1076 3306 1150 3359 im
1185 3305 1458 3360 Altertum
1492 3306 1753 3374 (Herodot
1777 3306 1820 3374 1,
1857 3307 1957 3374 233
1995 3305 2146 3375 Ovid,
2183 3307 2330 3363 Fasti
2356 3308 2428 3376 11,
2456 3309 2525 3364 83
2555 3326 2604 3364 u.
2633 3310 2704 3374 a.)

249 3394 358 3448 und
392 3393 448 3448 in
483 3394 578 3448 der
611 3393 836 3448 Nenzeit
869 3394 1157 3464 (Schlegel,
1193 3394 1373 3462 OE'ieok)
1407 3395 1487 3451 oft
1521 3395 1836 3465 dargestellt
1872 3397 2094 3452 worden.
2135 3427 2200 3435 —
2239 3397 2480 3467 Pelopis]
2517 3397 2704 3468 Pelops

250 3499 466 3552 gewann
514 3482 616 3537 mit
649 3476 791 3538 Hilfe
828 3484 921 3538 der
954 3483 1121 3539 Rosse
1156 3484 1403 3554 Neptune
1451 3484 1551 3540 den
1588 3483 1711 3554 Sieg
1757 3484 1830 3539 im
1867 3484 2201 3540 Wettfahren
2248 3485 2357 3541 und
2405 3486 2575 3540 damit
2620 3487 2704 3540 die

249 3571 642 3642 Hippodameia,
679 3572 764 3626 die
788 3572 1013 3627 Toehter
1039 3573 1133 3628 des
1160 3571 1455 3641 Oinomaos,
1493 3591 1587 3628 zur
1614 3572 1803 3629 Gattin
1838 3577 1904 3641 (s.
1933 3591 1997 3628 zu
2023 3573 2123 3643 111,
2151 3575 2260 3642 27).
2291 3605 2356 3615 —
2392 3576 2703 3645 suspensos]

251 3661 476 3715 niimlieh
502 3661 690 3729 undis,
720 3662 866 3730 „den
894 3662 987 3716 auf
1009 3662 1127 3716 dem
1144 3662 1360 3717 Wasser
1385 3663 1920 3718 dahinsehwebenden
1946 3663 2450 3734 (dahingleitenden)
2475 3664 2614 3721 W.“.
2636 3691 2702 3702 -

250 3768 358 3821 quo
399 3751 555 3820 velis]
606 3751 775 3820 wenig
816 3751 1150 3807 verschieden
1193 3768 1293 3807 von
1329 3769 1438 3822 quo
1481 3753 1643 3808 voles.
1689 3782 1756 3792 -
1809 3752 2262 3824 confuqiendum]
2312 3752 2459 3808 Viele
2494 3752 2704 3809 Stoiker

252 3840 491 3895 sehieden
529 3839 694 3894 durch
724 3839 1048 3895 Selbstmord
1084 3858 1181 3896 aus
1218 3841 1335 3895 dem
1361 3839 1561 3909 Leben;
1600 3841 1685 3896 die
1723 3842 1951 3897 stoisehe
1975 3842 2142 3897 Lehre
2175 3844 2438 3912 gestattet
2472 3842 2567 3897 das
2603 3860 2704 3897 nur

252 3932 406 3984 unter
456 3929 790 3999 zwingenden
839 3929 1171 3985 Umsffinden
1221 3933 1481 4003 (εὐλόγως
1531 3935 1710 4005 φασὶν
1759 3933 1968 3995 ἐξάξειν
2022 3933 2221 3987 ἑαυτὸν
2274 3943 2376 3987 τοῦ
2426 3938 2552 4002 βίου
2606 3935 2703 3987 τὸν

253 4023 445 4094 σοφόν,
482 4025 576 4075 καὶ
613 4021 751 4094 ὑπὲρ
788 4020 1059 4095 πατρίδος
1093 4025 1187 4075 καὶ
1227 4022 1365 4095 ὑπὲρ
1401 4024 1579 4094 φίλων
1615 4022 1754 4087 οἵα).

248 4176 454 4226 Χιιηοι·
499 4174 781 4226 Abnehluts
826 4177 918 4227 dos
960 4176 1192 4239 Βιοὶιοι,
1242 4171 1276 4240 θ
1313 4172 1380 4229 67
1430 4171 1677 4240 (minime
1713 4188 1840 4227 vero
1877 4168 2148 4241 Aufgeben
2185 4173 2279 4227 der
2312 4173 2525 4242 These),
2576 4172 2700 4227 Ver-

1005 4261 1280 4333 kniipfung
1313 4262 1415 4316 mit
1448 4261 1598 4317 Buoh
1634 4261 1664 4315 I
1701 4261 1809 4316 und
1843 4261 1940 4316 111.

389 4372 454 4423 tu
488 4367 746 4436 fortasse]
776 4367 872 4423 wie
897 4368 970 4423 im
997 4368 1234 4424 Briefstil
1263 4368 1348 4423 die
1373 4369 1686 4424 Pronomina
1713 4368 1846 4423 aueh
1871 4368 1956 4424 bei
1985 4368 2281 4423 schwaeher
2307 4369 2604 4438 Betonung.
2634 4397 2698 4408 ·-

2157 4459 2222 4511 11
2240 4457 2271 4492 ²⁸⁸
