<?xml version="1.0" encoding="UTF-8"?>
<!DOCTYPE html PUBLIC "-//W3C//DTD XHTML 1.0 Transitional//EN"
    "http://www.w3.org/TR/xhtml1/DTD/xhtml1-transitional.dtd">
<html xmlns="http://www.w3.org/1999/xhtml" xml:lang="en" lang="en">
 <head>
  <title>
</title>
<meta http-equiv="Content-Type" content="text/html;charset=utf-8" />
  <meta name='ocr-system' content='tesseract 3.04.00' />
  <meta name='ocr-capabilities' content='ocr_page ocr_carea ocr_par ocr_line ocrx_word'/>
</head>
<body>
  <div class='ocr_page' id='page_1' title='image "./mtulliiciceroni132cicegoog_0168.png"; bbox 0 0 3221 4850; ppageno 0'>
   <div class='ocr_carea' id='block_1_1' title="bbox 519 322 2179 392">
    <p class='ocr_par' dir='ltr' id='par_1_1' title="bbox 519 322 2179 392">
     <span class='ocr_line' id='line_1_1' title="bbox 519 322 2179 392; baseline -0.005 -7"><span class='ocrx_word' id='word_1_1' title='bbox 519 322 626 385; x_wconf 74' lang='lat'><strong>162</strong></span> <span class='ocrx_word' id='word_1_2' title='bbox 1310 322 1727 379; x_wconf 72' lang='lat' dir='ltr'><strong>Tusculanarum</strong></span> <span class='ocrx_word' id='word_1_3' title='bbox 1763 322 2179 392; x_wconf 78' lang='lat' dir='ltr'><strong>disputationum</strong></span> 
     </span>
    </p>
   </div>
   <div class='ocr_carea' id='block_1_2' title="bbox 436 484 3111 2284">
    <p class='ocr_par' dir='ltr' id='par_1_2' title="bbox 436 484 3111 2284">
     <span class='ocr_line' id='line_1_2' title="bbox 519 484 3111 571; baseline -0 -19"><span class='ocrx_word' id='word_1_4' title='bbox 519 504 747 569; x_wconf 89' lang='lat' dir='ltr'><strong>genere</strong></span> <span class='ocrx_word' id='word_1_5' title='bbox 778 505 846 553; x_wconf 89' lang='lat' dir='ltr'><strong>se</strong></span> <span class='ocrx_word' id='word_1_6' title='bbox 879 486 1276 569; x_wconf 81' lang='lat' dir='ltr'><strong>aequabilem</strong></span> <span class='ocrx_word' id='word_1_7' title='bbox 1316 486 1636 571; x_wconf 88' lang='lat' dir='ltr'><strong>praebeat.</strong></span> <span class='ocrx_word' id='word_1_8' title='bbox 1715 485 1917 571; x_wconf 85' lang='lat' dir='ltr'><strong>Saepe</strong></span> <span class='ocrx_word' id='word_1_9' title='bbox 1951 486 2119 552; x_wconf 90' lang='lat' dir='ltr'><strong>enim</strong></span> <span class='ocrx_word' id='word_1_10' title='bbox 2150 484 2359 564; x_wconf 77' lang='lat' dir='ltr'><strong>multi,</strong></span> <span class='ocrx_word' id='word_1_11' title='bbox 2406 486 2517 568; x_wconf 93' lang='lat' dir='ltr'><strong>qui</strong></span> <span class='ocrx_word' id='word_1_12' title='bbox 2563 488 2681 552; x_wconf 90' lang='lat' dir='ltr'><strong>aut</strong></span> <span class='ocrx_word' id='word_1_13' title='bbox 2724 488 3029 571; x_wconf 86' lang='lat' dir='ltr'><strong>propter</strong></span> <span class='ocrx_word' id='word_1_14' title='bbox 3110 485 3111 490; x_wconf 76' lang='grc'>’</span> 
     </span>
     <span class='ocr_line' id='line_1_3' title="bbox 517 592 3024 678; baseline -0 -19"><span class='ocrx_word' id='word_1_15' title='bbox 517 593 815 659; x_wconf 84' lang='lat' dir='ltr'><strong>victoriae</strong></span> <span class='ocrx_word' id='word_1_16' title='bbox 862 593 1277 678; x_wconf 75' lang='lat' dir='ltr'><strong>cupiditatem</strong></span> <span class='ocrx_word' id='word_1_17' title='bbox 1324 595 1436 658; x_wconf 91' lang='lat' dir='ltr'><strong>aut</strong></span> <span class='ocrx_word' id='word_1_18' title='bbox 1479 594 1739 677; x_wconf 84' lang='lat' dir='ltr'><strong>propter</strong></span> <span class='ocrx_word' id='word_1_19' title='bbox 1784 592 2021 675; x_wconf 89' lang='lat' dir='ltr'><strong>gloriae</strong></span> <span class='ocrx_word' id='word_1_20' title='bbox 2068 594 2199 659; x_wconf 77' lang='lat' dir='ltr'><strong>aut</strong></span> <span class='ocrx_word' id='word_1_21' title='bbox 2228 592 2424 657; x_wconf 92' lang='lat' dir='ltr'><strong>etiam</strong></span> <span class='ocrx_word' id='word_1_22' title='bbox 2439 640 2455 670; x_wconf 92' lang='lat'><strong>,</strong></span> <span class='ocrx_word' id='word_1_23' title='bbox 2514 596 2591 658; x_wconf 89' lang='lat' dir='ltr'><strong>ut</strong></span> <span class='ocrx_word' id='word_1_24' title='bbox 2634 593 2740 658; x_wconf 92' lang='lat' dir='ltr'><strong>ius</strong></span> <span class='ocrx_word' id='word_1_25' title='bbox 2799 612 3024 658; x_wconf 87' lang='lat' dir='ltr'><strong>suum</strong></span> 
     </span>
     <span class='ocr_line' id='line_1_4' title="bbox 523 698 3022 783; baseline -0 -17"><span class='ocrx_word' id='word_1_26' title='bbox 523 703 589 766; x_wconf 91' lang='lat' dir='ltr'><strong>et</strong></span> <span class='ocrx_word' id='word_1_27' title='bbox 646 700 1009 767; x_wconf 86' lang='lat' dir='ltr'><strong>libertatem</strong></span> <span class='ocrx_word' id='word_1_28' title='bbox 1067 701 1391 779; x_wconf 91' lang='lat' dir='ltr'><strong>tenerent,</strong></span> <span class='ocrx_word' id='word_1_29' title='bbox 1463 700 1733 765; x_wconf 83' lang='lat' dir='ltr'><strong>vulnera</strong></span> <span class='ocrx_word' id='word_1_30' title='bbox 1793 702 2178 783; x_wconf 83' lang='lat' dir='ltr'><strong>exceperunt</strong></span> <span class='ocrx_word' id='word_1_31' title='bbox 2237 698 2487 765; x_wconf 90' lang='lat' dir='ltr'><strong>fortiter</strong></span> <span class='ocrx_word' id='word_1_32' title='bbox 2547 701 2615 765; x_wconf 91' lang='lat' dir='ltr'><strong>et</strong></span> <span class='ocrx_word' id='word_1_33' title='bbox 2673 701 3022 778; x_wconf 84' lang='lat' dir='ltr'><strong>tulerunt,</strong></span> 
     </span>
     <span class='ocr_line' id='line_1_5' title="bbox 518 806 3018 891; baseline 0 -19"><span class='ocrx_word' id='word_1_34' title='bbox 518 807 711 873; x_wconf 89' lang='lat' dir='ltr'><strong>iidem</strong></span> <span class='ocrx_word' id='word_1_35' title='bbox 757 808 993 873; x_wconf 90' lang='lat' dir='ltr'><strong>omissa</strong></span> <span class='ocrx_word' id='word_1_36' title='bbox 1037 807 1437 873; x_wconf 91' lang='lat' dir='ltr'><strong>contentione</strong></span> <span class='ocrx_word' id='word_1_37' title='bbox 1469 807 1750 873; x_wconf 88' lang='lat' dir='ltr'><strong>dolorem</strong></span> <span class='ocrx_word' id='word_1_38' title='bbox 1794 807 2000 873; x_wconf 89' lang='lat' dir='ltr'><strong>morbi</strong></span> <span class='ocrx_word' id='word_1_39' title='bbox 2042 806 2208 873; x_wconf 91' lang='lat' dir='ltr'><strong>ferre</strong></span> <span class='ocrx_word' id='word_1_40' title='bbox 2255 826 2382 872; x_wconf 93' lang='lat' dir='ltr'><strong>non</strong></span> <span class='ocrx_word' id='word_1_41' title='bbox 2422 811 2725 890; x_wconf 87' lang='lat' dir='ltr'><strong>possunt;</strong></span> <span class='ocrx_word' id='word_1_42' title='bbox 2776 828 3018 891; x_wconf 87' lang='lat' dir='ltr'><strong>neque</strong></span> 
     </span>
     <span class='ocr_line' id='line_1_6' title="bbox 522 914 3014 997; baseline 0 -18"><span class='ocrx_word' id='word_1_43' title='bbox 522 915 693 980; x_wconf 90' lang='lat' dir='ltr'><strong>enim</strong></span> <span class='ocrx_word' id='word_1_44' title='bbox 736 915 920 979; x_wconf 93' lang='lat' dir='ltr'><strong>illum</strong></span> <span class='ocrx_word' id='word_1_45' title='bbox 936 963 951 993; x_wconf 89' lang='lat'><strong>,</strong></span> <span class='ocrx_word' id='word_1_46' title='bbox 1012 932 1203 997; x_wconf 90' lang='lat' dir='ltr'><strong>quem</strong></span> <span class='ocrx_word' id='word_1_47' title='bbox 1248 914 1432 980; x_wconf 85' lang='lat' dir='ltr'><strong>facile</strong></span> <span class='ocrx_word' id='word_1_48' title='bbox 1478 915 1795 992; x_wconf 85' lang='lat' dir='ltr'><strong>tulerant,</strong></span> <span class='ocrx_word' id='word_1_49' title='bbox 1855 914 2099 980; x_wconf 90' lang='lat' dir='ltr'><strong>ratione</strong></span> <span class='ocrx_word' id='word_1_50' title='bbox 2160 917 2274 979; x_wconf 90' lang='lat' dir='ltr'><strong>aut</strong></span> <span class='ocrx_word' id='word_1_51' title='bbox 2319 914 2632 997; x_wconf 78' lang='lat' dir='ltr'><strong>sapientia</strong></span> <span class='ocrx_word' id='word_1_52' title='bbox 2677 916 3014 993; x_wconf 81' lang='lat' dir='ltr'><strong>tulerant,</strong></span> 
     </span>
     <span class='ocr_line' id='line_1_7' title="bbox 521 1019 3010 1106; baseline 0 -19"><span class='ocrx_word' id='word_1_53' title='bbox 521 1021 632 1087; x_wconf 90' lang='lat' dir='ltr'><strong>sed</strong></span> <span class='ocrx_word' id='word_1_54' title='bbox 682 1022 892 1087; x_wconf 88' lang='lat' dir='ltr'><strong>studio</strong></span> <span class='ocrx_word' id='word_1_55' title='bbox 937 1022 1149 1106; x_wconf 89' lang='lat' dir='ltr'><strong>potius</strong></span> <span class='ocrx_word' id='word_1_56' title='bbox 1198 1023 1267 1086; x_wconf 92' lang='lat' dir='ltr'><strong>et</strong></span> <span class='ocrx_word' id='word_1_57' title='bbox 1312 1021 1530 1104; x_wconf 85' lang='lat' dir='ltr'><strong>gloria.</strong></span> <span class='ocrx_word' id='word_1_58' title='bbox 1620 1020 1850 1103; x_wconf 89' lang='lat' dir='ltr'><strong>Itaque</strong></span> <span class='ocrx_word' id='word_1_59' title='bbox 1910 1020 2164 1086; x_wconf 89' lang='lat' dir='ltr'><strong>barbari</strong></span> <span class='ocrx_word' id='word_1_60' title='bbox 2223 1019 2480 1103; x_wconf 86' lang='lat' dir='ltr'><strong>quidam</strong></span> <span class='ocrx_word' id='word_1_61' title='bbox 2542 1023 2609 1085; x_wconf 85' lang='lat' dir='ltr'><strong>et</strong></span> <span class='ocrx_word' id='word_1_62' title='bbox 2661 1021 3010 1087; x_wconf 82' lang='lat' dir='ltr'><strong>immanes</strong></span> 
     </span>
     <span class='ocr_line' id='line_1_8' title="bbox 520 1127 3010 1212; baseline 0 -19"><span class='ocrx_word' id='word_1_63' title='bbox 520 1128 685 1194; x_wconf 85' lang='lat' dir='ltr'><strong>ferro</strong></span> <span class='ocrx_word' id='word_1_64' title='bbox 731 1129 1056 1195; x_wconf 87' lang='lat' dir='ltr'><strong>decertare</strong></span> <span class='ocrx_word' id='word_1_65' title='bbox 1115 1128 1419 1194; x_wconf 79' lang='lat' dir='ltr'><strong>acerrime</strong></span> <span class='ocrx_word' id='word_1_66' title='bbox 1465 1129 1768 1212; x_wconf 89' lang='lat' dir='ltr'><strong>possunt,</strong></span> <span class='ocrx_word' id='word_1_67' title='bbox 1833 1129 2161 1210; x_wconf 84' lang='lat' dir='ltr'><strong>aegrotare</strong></span> <span class='ocrx_word' id='word_1_68' title='bbox 2222 1127 2489 1192; x_wconf 84' lang='lat' dir='ltr'><strong>viriliter</strong></span> <span class='ocrx_word' id='word_1_69' title='bbox 2543 1146 2667 1193; x_wconf 93' lang='lat' dir='ltr'><strong>non</strong></span> <span class='ocrx_word' id='word_1_70' title='bbox 2718 1131 3010 1211; x_wconf 83' lang='lat' dir='ltr'><strong>queunt.</strong></span> 
     </span>
     <span class='ocr_line' id='line_1_9' title="bbox 522 1233 3006 1320; baseline 0 -19"><span class='ocrx_word' id='word_1_71' title='bbox 522 1235 749 1302; x_wconf 83' lang='lat' dir='ltr'><strong>Graeci</strong></span> <span class='ocrx_word' id='word_1_72' title='bbox 795 1237 1013 1302; x_wconf 90' lang='lat' dir='ltr'><strong>autem</strong></span> <span class='ocrx_word' id='word_1_73' title='bbox 1041 1235 1349 1313; x_wconf 90' lang='lat' dir='ltr'><strong>homines,</strong></span> <span class='ocrx_word' id='word_1_74' title='bbox 1393 1253 1520 1299; x_wconf 92' lang='lat' dir='ltr'><strong>non</strong></span> <span class='ocrx_word' id='word_1_75' title='bbox 1566 1235 1724 1300; x_wconf 87' lang='lat' dir='ltr'><strong>satis</strong></span> <span class='ocrx_word' id='word_1_76' title='bbox 1757 1234 2042 1312; x_wconf 87' lang='lat' dir='ltr'><strong>animosi,</strong></span> <span class='ocrx_word' id='word_1_77' title='bbox 2087 1233 2453 1318; x_wconf 86' lang='lat' dir='ltr'><strong>prudentes,</strong></span> <span class='ocrx_word' id='word_1_78' title='bbox 2499 1238 2575 1300; x_wconf 91' lang='lat' dir='ltr'><strong>ut</strong></span> <span class='ocrx_word' id='word_1_79' title='bbox 2621 1236 2725 1300; x_wconf 91' lang='lat' dir='ltr'><strong>est</strong></span> <span class='ocrx_word' id='word_1_80' title='bbox 2754 1240 3006 1320; x_wconf 82' lang='lat' dir='ltr'><strong>captus</strong></span> 
     </span>
     <span class='ocr_line' id='line_1_10' title="bbox 519 1341 3007 1426; baseline 0 -19"><span class='ocrx_word' id='word_1_81' title='bbox 519 1343 868 1422; x_wconf 89' lang='lat' dir='ltr'><strong>hominum,</strong></span> <span class='ocrx_word' id='word_1_82' title='bbox 914 1344 1091 1422; x_wconf 90' lang='lat' dir='ltr'><strong>satis,</strong></span> <span class='ocrx_word' id='word_1_83' title='bbox 1135 1344 1391 1409; x_wconf 89' lang='lat' dir='ltr'><strong>hostem</strong></span> <span class='ocrx_word' id='word_1_84' title='bbox 1438 1342 1719 1425; x_wconf 90' lang='lat' dir='ltr'><strong>aspicere</strong></span> <span class='ocrx_word' id='word_1_85' title='bbox 1764 1360 1887 1406; x_wconf 92' lang='lat' dir='ltr'><strong>non</strong></span> <span class='ocrx_word' id='word_1_86' title='bbox 1938 1343 2224 1426; x_wconf 89' lang='lat' dir='ltr'><strong>possunt,</strong></span> <span class='ocrx_word' id='word_1_87' title='bbox 2271 1341 2476 1407; x_wconf 87' lang='lat' dir='ltr'><strong>eidem</strong></span> <span class='ocrx_word' id='word_1_88' title='bbox 2520 1344 2780 1408; x_wconf 86' lang='lat' dir='ltr'><strong>morbos</strong></span> <span class='ocrx_word' id='word_1_89' title='bbox 2832 1345 3007 1409; x_wconf 86' lang='lat' dir='ltr'><strong>tole-</strong></span> 
     </span>
     <span class='ocr_line' id='line_1_11' title="bbox 521 1446 2998 1534; baseline 0 -19"><span class='ocrx_word' id='word_1_90' title='bbox 521 1452 739 1517; x_wconf 90' lang='lat' dir='ltr'><strong>ranter</strong></span> <span class='ocrx_word' id='word_1_91' title='bbox 783 1453 977 1534; x_wconf 90' lang='lat' dir='ltr'><strong>atque</strong></span> <span class='ocrx_word' id='word_1_92' title='bbox 1022 1451 1302 1515; x_wconf 90' lang='lat' dir='ltr'><strong>humane</strong></span> <span class='ocrx_word' id='word_1_93' title='bbox 1361 1449 1594 1515; x_wconf 68' lang='lat' dir='ltr'><strong>ferunt,</strong></span> <span class='ocrx_word' id='word_1_94' title='bbox 1684 1451 1773 1513; x_wconf 87' lang='lat' dir='ltr'><strong>At</strong></span> <span class='ocrx_word' id='word_1_95' title='bbox 1817 1446 2059 1515; x_wconf 86' lang='lat' dir='ltr'><strong>Cimbri</strong></span> <span class='ocrx_word' id='word_1_96' title='bbox 2119 1451 2185 1513; x_wconf 89' lang='lat' dir='ltr'><strong>et</strong></span> <span class='ocrx_word' id='word_1_97' title='bbox 2231 1446 2534 1515; x_wconf 86' lang='lat' dir='ltr'><strong>Celtiberi</strong></span> <span class='ocrx_word' id='word_1_98' title='bbox 2591 1449 2659 1513; x_wconf 89' lang='lat' dir='ltr'><strong>in</strong></span> <span class='ocrx_word' id='word_1_99' title='bbox 2719 1451 2998 1534; x_wconf 86' lang='lat' dir='ltr'><strong>proeliis</strong></span> 
     </span>
     <span class='ocr_line' id='line_1_12' title="bbox 522 1555 3000 1640; baseline -0.001 -16"><span class='ocrx_word' id='word_1_100' title='bbox 522 1559 877 1637; x_wconf 82' lang='lat' dir='ltr'><strong>exsultant,</strong></span> <span class='ocrx_word' id='word_1_101' title='bbox 937 1558 1374 1623; x_wconf 89' lang='lat' dir='ltr'><strong>lamentantur</strong></span> <span class='ocrx_word' id='word_1_102' title='bbox 1417 1557 1485 1621; x_wconf 93' lang='lat' dir='ltr'><strong>in</strong></span> <span class='ocrx_word' id='word_1_103' title='bbox 1530 1555 1769 1621; x_wconf 90' lang='lat' dir='ltr'><strong>morbo.</strong></span> <span class='ocrx_word' id='word_1_104' title='bbox 1860 1555 2039 1619; x_wconf 87' lang='lat' dir='ltr'><strong>Nihil</strong></span> <span class='ocrx_word' id='word_1_105' title='bbox 2083 1555 2253 1620; x_wconf 90' lang='lat' dir='ltr'><strong>enim</strong></span> <span class='ocrx_word' id='word_1_106' title='bbox 2298 1556 2512 1640; x_wconf 89' lang='lat' dir='ltr'><strong>potest</strong></span> <span class='ocrx_word' id='word_1_107' title='bbox 2557 1573 2697 1621; x_wconf 92' lang='lat' dir='ltr'><strong>esse</strong></span> <span class='ocrx_word' id='word_1_108' title='bbox 2746 1575 3000 1640; x_wconf 86' lang='lat' dir='ltr'><strong>aequa-</strong></span> 
     </span>
     <span class='ocr_line' id='line_1_13' title="bbox 436 1661 2997 1748; baseline -0.001 -17"><span class='ocrx_word' id='word_1_109' title='bbox 436 1680 501 1723; x_wconf 62' lang='lat' dir='ltr'><strong>ns</strong></span> <span class='ocrx_word' id='word_1_110' title='bbox 522 1665 665 1744; x_wconf 93' lang='lat' dir='ltr'><strong>bile,</strong></span> <span class='ocrx_word' id='word_1_111' title='bbox 712 1664 880 1748; x_wconf 89' lang='lat' dir='ltr'><strong>quod</strong></span> <span class='ocrx_word' id='word_1_112' title='bbox 922 1684 1051 1731; x_wconf 91' lang='lat' dir='ltr'><strong>non</strong></span> <span class='ocrx_word' id='word_1_113' title='bbox 1098 1683 1136 1730; x_wconf 97' lang='lat' dir='ltr'><strong>a</strong></span> <span class='ocrx_word' id='word_1_114' title='bbox 1180 1667 1355 1731; x_wconf 86' lang='lat' dir='ltr'><strong>certa</strong></span> <span class='ocrx_word' id='word_1_115' title='bbox 1399 1664 1646 1729; x_wconf 89' lang='lat' dir='ltr'><strong>ratione</strong></span> <span class='ocrx_word' id='word_1_116' title='bbox 1691 1661 2146 1746; x_wconf 87' lang='lat' dir='ltr'><strong>proficiscatur.</strong></span> <span class='ocrx_word' id='word_1_117' title='bbox 2224 1661 2350 1728; x_wconf 84' lang='lat' dir='ltr'><strong>Sed</strong></span> <span class='ocrx_word' id='word_1_118' title='bbox 2395 1680 2543 1728; x_wconf 93' lang='lat' dir='ltr'><strong>cum</strong></span> <span class='ocrx_word' id='word_1_119' title='bbox 2587 1662 2810 1729; x_wconf 84' lang='lat' dir='ltr'><strong>videas</strong></span> <span class='ocrx_word' id='word_1_120' title='bbox 2863 1683 2997 1742; x_wconf 89' lang='lat' dir='ltr'><strong>eos,</strong></span> 
     </span>
     <span class='ocr_line' id='line_1_14' title="bbox 525 1769 2997 1855; baseline -0 -18"><span class='ocrx_word' id='word_1_121' title='bbox 525 1772 637 1854; x_wconf 91' lang='lat' dir='ltr'><strong>qui</strong></span> <span class='ocrx_word' id='word_1_122' title='bbox 681 1774 796 1837; x_wconf 91' lang='lat' dir='ltr'><strong>aut</strong></span> <span class='ocrx_word' id='word_1_123' title='bbox 856 1771 1068 1836; x_wconf 84' lang='lat' dir='ltr'><strong>studio</strong></span> <span class='ocrx_word' id='word_1_124' title='bbox 1129 1773 1243 1836; x_wconf 86' lang='lat' dir='ltr'><strong>aut</strong></span> <span class='ocrx_word' id='word_1_125' title='bbox 1301 1771 1589 1855; x_wconf 90' lang='lat' dir='ltr'><strong>opinione</strong></span> <span class='ocrx_word' id='word_1_126' title='bbox 1637 1769 1957 1835; x_wconf 75' lang='lat' dir='ltr'><strong>ducantur</strong></span> <span class='ocrx_word' id='word_1_127' title='bbox 1970 1816 1987 1847; x_wconf 94' lang='lat'><strong>,</strong></span> <span class='ocrx_word' id='word_1_128' title='bbox 2043 1769 2112 1834; x_wconf 92' lang='lat' dir='ltr'><strong>in</strong></span> <span class='ocrx_word' id='word_1_129' title='bbox 2168 1787 2241 1834; x_wconf 90' lang='lat' dir='ltr'><strong>eo</strong></span> <span class='ocrx_word' id='word_1_130' title='bbox 2286 1770 2725 1853; x_wconf 88' lang='lat' dir='ltr'><strong>persequendo</strong></span> <span class='ocrx_word' id='word_1_131' title='bbox 2786 1773 2997 1853; x_wconf 91' lang='lat' dir='ltr'><strong>atque</strong></span> 
     </span>
     <span class='ocr_line' id='line_1_15' title="bbox 525 1875 2996 1964; baseline -0 -20"><span class='ocrx_word' id='word_1_132' title='bbox 525 1878 928 1964; x_wconf 89' lang='lat' dir='ltr'><strong>adipiscendo</strong></span> <span class='ocrx_word' id='word_1_133' title='bbox 988 1878 1200 1945; x_wconf 88' lang='lat' dir='ltr'><strong>dolore</strong></span> <span class='ocrx_word' id='word_1_134' title='bbox 1258 1896 1385 1943; x_wconf 92' lang='lat' dir='ltr'><strong>non</strong></span> <span class='ocrx_word' id='word_1_135' title='bbox 1445 1876 1684 1960; x_wconf 80' lang='lat' dir='ltr'><strong>frangi,</strong></span> <span class='ocrx_word' id='word_1_136' title='bbox 1757 1875 1988 1942; x_wconf 87' lang='lat' dir='ltr'><strong>debeas</strong></span> <span class='ocrx_word' id='word_1_137' title='bbox 2062 1875 2424 1942; x_wconf 82' lang='lat' dir='ltr'><strong>existimare</strong></span> <span class='ocrx_word' id='word_1_138' title='bbox 2485 1879 2599 1942; x_wconf 92' lang='lat' dir='ltr'><strong>aut</strong></span> <span class='ocrx_word' id='word_1_139' title='bbox 2654 1896 2783 1942; x_wconf 91' lang='lat' dir='ltr'><strong>non</strong></span> <span class='ocrx_word' id='word_1_140' title='bbox 2849 1897 2996 1943; x_wconf 90' lang='lat' dir='ltr'><strong>esse</strong></span> 
     </span>
     <span class='ocr_line' id='line_1_16' title="bbox 524 1983 2997 2068; baseline -0.001 -16"><span class='ocrx_word' id='word_1_141' title='bbox 524 1987 769 2052; x_wconf 89' lang='lat' dir='ltr'><strong>malum</strong></span> <span class='ocrx_word' id='word_1_142' title='bbox 802 1986 1080 2053; x_wconf 90' lang='lat' dir='ltr'><strong>dolorem</strong></span> <span class='ocrx_word' id='word_1_143' title='bbox 1126 1988 1258 2065; x_wconf 90' lang='lat' dir='ltr'><strong>aut,</strong></span> <span class='ocrx_word' id='word_1_144' title='bbox 1304 1984 1573 2064; x_wconf 88' lang='lat' dir='ltr'><strong>etiamsi,</strong></span> <span class='ocrx_word' id='word_1_145' title='bbox 1622 1983 1923 2067; x_wconf 88' lang='lat' dir='ltr'><strong>quicquid</strong></span> <span class='ocrx_word' id='word_1_146' title='bbox 1964 2001 2264 2068; x_wconf 89' lang='lat' dir='ltr'><strong>asperum</strong></span> <span class='ocrx_word' id='word_1_147' title='bbox 2296 1984 2702 2067; x_wconf 86' lang='lat' dir='ltr'><strong>alienumque</strong></span> <span class='ocrx_word' id='word_1_148' title='bbox 2749 1986 2997 2050; x_wconf 86' lang='lat' dir='ltr'><strong>natura</strong></span> 
     </span>
     <span class='ocr_line' id='line_1_17' title="bbox 526 2091 2994 2178; baseline -0 -19"><span class='ocrx_word' id='word_1_149' title='bbox 526 2095 627 2173; x_wconf 87' lang='lat' dir='ltr'><strong>sit,</strong></span> <span class='ocrx_word' id='word_1_150' title='bbox 671 2094 739 2159; x_wconf 83' lang='lat' dir='ltr'><strong>id</strong></span> <span class='ocrx_word' id='word_1_151' title='bbox 784 2094 1088 2178; x_wconf 85' lang='lat' dir='ltr'><strong>appellari</strong></span> <span class='ocrx_word' id='word_1_152' title='bbox 1125 2094 1377 2178; x_wconf 86' lang='lat' dir='ltr'><strong>placeat</strong></span> <span class='ocrx_word' id='word_1_153' title='bbox 1420 2092 1684 2171; x_wconf 90' lang='lat' dir='ltr'><strong>malurn,</strong></span> <span class='ocrx_word' id='word_1_154' title='bbox 1729 2091 2057 2156; x_wconf 90' lang='lat' dir='ltr'><strong>tantulum</strong></span> <span class='ocrx_word' id='word_1_155' title='bbox 2103 2092 2322 2157; x_wconf 87' lang='lat' dir='ltr'><strong>tamen</strong></span> <span class='ocrx_word' id='word_1_156' title='bbox 2369 2110 2525 2170; x_wconf 91' lang='lat' dir='ltr'><strong>esse,</strong></span> <span class='ocrx_word' id='word_1_157' title='bbox 2570 2094 2648 2157; x_wconf 91' lang='lat' dir='ltr'><strong>ut</strong></span> <span class='ocrx_word' id='word_1_158' title='bbox 2678 2110 2717 2157; x_wconf 91' lang='lat' dir='ltr'><strong>a</strong></span> <span class='ocrx_word' id='word_1_159' title='bbox 2747 2091 2994 2158; x_wconf 86' lang='lat' dir='ltr'><strong>virtute</strong></span> 
     </span>
     <span class='ocr_line' id='line_1_18' title="bbox 525 2197 2990 2284; baseline -0 -18"><span class='ocrx_word' id='word_1_160' title='bbox 525 2201 619 2266; x_wconf 91' lang='lat' dir='ltr'><strong>ita</strong></span> <span class='ocrx_word' id='word_1_161' title='bbox 665 2201 989 2281; x_wconf 88' lang='lat' dir='ltr'><strong>obruatur,</strong></span> <span class='ocrx_word' id='word_1_162' title='bbox 1033 2203 1111 2267; x_wconf 90' lang='lat' dir='ltr'><strong>ut</strong></span> <span class='ocrx_word' id='word_1_163' title='bbox 1154 2219 1475 2284; x_wconf 89' lang='lat' dir='ltr'><strong>nusquam</strong></span> <span class='ocrx_word' id='word_1_164' title='bbox 1521 2200 1843 2283; x_wconf 90' lang='lat' dir='ltr'><strong>appareat.</strong></span> <span class='ocrx_word' id='word_1_165' title='bbox 1936 2197 2115 2278; x_wconf 83' lang='lat' dir='ltr'><strong>Quae</strong></span> <span class='ocrx_word' id='word_1_166' title='bbox 2162 2197 2490 2277; x_wconf 88' lang='lat' dir='ltr'><strong>meditare,</strong></span> <span class='ocrx_word' id='word_1_167' title='bbox 2537 2217 2798 2282; x_wconf 88' lang='lat' dir='ltr'><strong>quaeso,</strong></span> <span class='ocrx_word' id='word_1_168' title='bbox 2849 2199 2990 2265; x_wconf 87' lang='lat' dir='ltr'><strong>dies</strong></span> 
     </span>
    </p>
   </div>
   <div class='ocr_carea' id='block_1_3' title="bbox 529 2361 953 2370">
    <p class='ocr_par' dir='ltr' id='par_1_3' title="bbox 529 2361 953 2370">
     <span class='ocr_line' id='line_1_19' title="bbox 529 2361 953 2370; baseline 0 2480"><span class='ocrx_word' id='word_1_169' title='bbox 529 2361 953 2370; x_wconf 95' lang='lat' dir='ltr'><strong> </strong></span> 
     </span>
    </p>
   </div>
   <div class='ocr_carea' id='block_1_4' title="bbox 530 2464 2995 3699">
    <p class='ocr_par' dir='ltr' id='par_1_4' title="bbox 530 2464 2995 3699">
     <span class='ocr_line' id='line_1_20' title="bbox 671 2464 2995 2539; baseline -0.002 -14"><span class='ocrx_word' id='word_1_170' title='bbox 671 2467 829 2539; x_wconf 59' lang='grc' dir='ltr'><strong>Καὶ).</strong></span> <span class='ocrx_word' id='word_1_171' title='bbox 880 2469 982 2527; x_wconf 78' lang='grc'><strong>27.</strong></span> <span class='ocrx_word' id='word_1_172' title='bbox 1061 2482 1145 2525; x_wconf 71' lang='lat'><strong>85.</strong></span> <span class='ocrx_word' id='word_1_173' title='bbox 1193 2468 1416 2524; x_wconf 73' lang='lat' dir='ltr'><strong>rationo</strong></span> <span class='ocrx_word' id='word_1_174' title='bbox 1465 2472 1568 2523; x_wconf 76' lang='lat' dir='ltr'><strong>aut</strong></span> <span class='ocrx_word' id='word_1_175' title='bbox 1615 2465 1922 2537; x_wconf 71' lang='lat' dir='ltr'><strong>sapientia]</strong></span> <span class='ocrx_word' id='word_1_176' title='bbox 1972 2483 2240 2536; x_wconf 81' lang='lat' dir='ltr'><strong>synonym.</strong></span> <span class='ocrx_word' id='word_1_177' title='bbox 2311 2464 2654 2535; x_wconf 83' lang='lat' dir='ltr'><strong>Anmerkung</strong></span> <span class='ocrx_word' id='word_1_178' title='bbox 2699 2466 2829 2521; x_wconf 74' lang='lat' dir='ltr'><strong>iiber</strong></span> <span class='ocrx_word' id='word_1_179' title='bbox 2880 2467 2995 2521; x_wconf 88' lang='lat' dir='ltr'><strong>die</strong></span> 
     </span>
     <span class='ocr_line' id='line_1_21' title="bbox 530 2555 2993 2630; baseline -0.002 -16"><span class='ocrx_word' id='word_1_180' title='bbox 530 2559 767 2614; x_wconf 91' lang='lat' dir='ltr'><strong>rechte</strong></span> <span class='ocrx_word' id='word_1_181' title='bbox 802 2558 1263 2630; x_wconf 88' lang='lat' dir='ltr'><strong>(philosophische)</strong></span> <span class='ocrx_word' id='word_1_182' title='bbox 1299 2557 1845 2612; x_wconf 69' lang='lat' dir='ltr'><strong>Willensstarke</strong></span> <span class='ocrx_word' id='word_1_183' title='bbox 1880 2556 2005 2625; x_wconf 86' lang='lat' dir='ltr'><strong>(ng.</strong></span> <span class='ocrx_word' id='word_1_184' title='bbox 2042 2557 2075 2625; x_wconf 62' lang='lat' dir='ltr'>g</span> <span class='ocrx_word' id='word_1_185' title='bbox 2109 2556 2179 2611; x_wconf 84' lang='lat'><strong>43</strong></span> <span class='ocrx_word' id='word_1_186' title='bbox 2218 2573 2269 2610; x_wconf 86' lang='lat' dir='ltr'><strong>u.</strong></span> <span class='ocrx_word' id='word_1_187' title='bbox 2306 2556 2414 2621; x_wconf 80' lang='lat'>58).</span> <span class='ocrx_word' id='word_1_188' title='bbox 2452 2585 2520 2597; x_wconf 90' lang='lat'><em>-</em></span> <span class='ocrx_word' id='word_1_189' title='bbox 2570 2555 2784 2624; x_wconf 75' lang='lat' dir='ltr'><strong>studio]</strong></span> <span class='ocrx_word' id='word_1_190' title='bbox 2823 2556 2993 2624; x_wconf 85' lang='lat' dir='ltr'><strong>„Nei-</strong></span> 
     </span>
     <span class='ocr_line' id='line_1_22' title="bbox 530 2644 2993 2718; baseline -0.002 -14"><span class='ocrx_word' id='word_1_191' title='bbox 530 2666 704 2718; x_wconf 84' lang='lat' dir='ltr'><strong>gung,</strong></span> <span class='ocrx_word' id='word_1_192' title='bbox 766 2647 1207 2715; x_wconf 62' lang='lat' dir='ltr'><strong>Iaeidenschdt“;</strong></span> <span class='ocrx_word' id='word_1_193' title='bbox 1268 2647 1460 2703; x_wconf 77' lang='lat' dir='ltr'><strong>studio</strong></span> <span class='ocrx_word' id='word_1_194' title='bbox 1509 2687 1521 2701; x_wconf 91' lang='lat'><strong>.</strong></span> <span class='ocrx_word' id='word_1_195' title='bbox 1553 2689 1566 2700; x_wconf 93' lang='lat'><strong>.</strong></span> <span class='ocrx_word' id='word_1_196' title='bbox 1602 2688 1617 2701; x_wconf 90' lang='lat'><strong>.</strong></span> <span class='ocrx_word' id='word_1_197' title='bbox 1665 2651 1721 2701; x_wconf 80' lang='lat' dir='ltr'><strong>et</strong></span> <span class='ocrx_word' id='word_1_198' title='bbox 1770 2646 1957 2716; x_wconf 76' lang='lat' dir='ltr'><strong>yloria</strong></span> <span class='ocrx_word' id='word_1_199' title='bbox 2021 2662 2163 2713; x_wconf 87' lang='lat' dir='ltr'><strong>„aus</strong></span> <span class='ocrx_word' id='word_1_200' title='bbox 2224 2644 2737 2700; x_wconf 79' lang='lat' dir='ltr'><strong>leidenschaftlicher</strong></span> <span class='ocrx_word' id='word_1_201' title='bbox 2789 2644 2993 2700; x_wconf 82' lang='lat' dir='ltr'><strong>Ruhm-</strong></span> 
     </span>
     <span class='ocr_line' id='line_1_23' title="bbox 531 2732 2993 2806; baseline -0.002 -14"><span class='ocrx_word' id='word_1_202' title='bbox 531 2737 690 2793; x_wconf 88' lang='lat' dir='ltr'><strong>sucht</strong></span> <span class='ocrx_word' id='word_1_203' title='bbox 703 2739 753 2794; x_wconf 88' lang='lat'><strong>“.</strong></span> <span class='ocrx_word' id='word_1_204' title='bbox 802 2768 868 2778; x_wconf 89' lang='lat'>—</span> <span class='ocrx_word' id='word_1_205' title='bbox 919 2738 1072 2806; x_wconf 74' lang='lat' dir='ltr'><strong>ferro</strong></span> <span class='ocrx_word' id='word_1_206' title='bbox 1119 2736 1418 2805; x_wconf 78' lang='lat' dir='ltr'><strong>decertare]</strong></span> <span class='ocrx_word' id='word_1_207' title='bbox 1471 2777 1504 2803; x_wconf 93' lang='lat'><strong>„</strong></span> <span class='ocrx_word' id='word_1_208' title='bbox 1517 2736 1621 2790; x_wconf 89' lang='lat' dir='ltr'><strong>mit</strong></span> <span class='ocrx_word' id='word_1_209' title='bbox 1664 2735 1766 2790; x_wconf 88' lang='lat' dir='ltr'><strong>den</strong></span> <span class='ocrx_word' id='word_1_210' title='bbox 1801 2734 2006 2790; x_wconf 85' lang='lat' dir='ltr'><strong>Waffen</strong></span> <span class='ocrx_word' id='word_1_211' title='bbox 2050 2733 2127 2803; x_wconf 90' lang='lat' dir='ltr'><strong>(in</strong></span> <span class='ocrx_word' id='word_1_212' title='bbox 2165 2735 2258 2788; x_wconf 88' lang='lat' dir='ltr'><strong>der</strong></span> <span class='ocrx_word' id='word_1_213' title='bbox 2292 2733 2472 2800; x_wconf 84' lang='lat' dir='ltr'><strong>Hand)</strong></span> <span class='ocrx_word' id='word_1_214' title='bbox 2521 2734 2615 2788; x_wconf 72' lang='lat' dir='ltr'><strong>aut¹</strong></span> <span class='ocrx_word' id='word_1_215' title='bbox 2656 2732 2829 2789; x_wconf 88' lang='lat' dir='ltr'><strong>Leben</strong></span> <span class='ocrx_word' id='word_1_216' title='bbox 2881 2735 2993 2789; x_wconf 89' lang='lat' dir='ltr'><strong>und</strong></span> 
     </span>
     <span class='ocr_line' id='line_1_24' title="bbox 531 2822 2994 2898; baseline -0.002 -16"><span class='ocrx_word' id='word_1_217' title='bbox 531 2827 641 2882; x_wconf 78' lang='lat' dir='ltr'><strong>&#39;l&#39;od</strong></span> <span class='ocrx_word' id='word_1_218' title='bbox 676 2828 980 2898; x_wconf 69' lang='lat' dir='ltr'><strong>kampfen“.</strong></span> <span class='ocrx_word' id='word_1_219' title='bbox 1021 2855 1083 2865; x_wconf 92' lang='lat'><strong>--</strong></span> <span class='ocrx_word' id='word_1_220' title='bbox 1133 2843 1249 2882; x_wconf 77' lang='lat' dir='ltr'><strong>non</strong></span> <span class='ocrx_word' id='word_1_221' title='bbox 1283 2824 1517 2895; x_wconf 73' lang='lat' dir='ltr'><strong>queunt]</strong></span> <span class='ocrx_word' id='word_1_222' title='bbox 1565 2824 1896 2894; x_wconf 85' lang='lat' dir='ltr'><strong>rhythmisch</strong></span> <span class='ocrx_word' id='word_1_223' title='bbox 1930 2826 2064 2892; x_wconf 76' lang='grc' dir='ltr'><strong>(.-υ</strong></span> <span class='ocrx_word' id='word_1_224' title='bbox 2082 2824 2153 2890; x_wconf 92' lang='grc'><strong>.-)</strong></span> <span class='ocrx_word' id='word_1_225' title='bbox 2198 2822 2313 2877; x_wconf 89' lang='lat' dir='ltr'><strong>hier</strong></span> <span class='ocrx_word' id='word_1_226' title='bbox 2359 2823 2538 2877; x_wconf 86' lang='lat' dir='ltr'><strong>besser</strong></span> <span class='ocrx_word' id='word_1_227' title='bbox 2582 2823 2663 2877; x_wconf 85' lang='lat' dir='ltr'><strong>als</strong></span> <span class='ocrx_word' id='word_1_228' title='bbox 2705 2829 2994 2892; x_wconf 55' lang='lat' dir='ltr'><strong>aequant</strong></span> 
     </span>
     <span class='ocr_line' id='line_1_25' title="bbox 532 2911 2991 2986; baseline -0.004 -12"><span class='ocrx_word' id='word_1_229' title='bbox 532 2918 770 2984; x_wconf 80' lang='grc' dir='ltr'><strong>(υυ-).</strong></span> <span class='ocrx_word' id='word_1_230' title='bbox 823 2946 889 2956; x_wconf 87' lang='grc'><strong>-</strong></span> <span class='ocrx_word' id='word_1_231' title='bbox 938 2921 1004 2972; x_wconf 75' lang='lat' dir='ltr'><strong>ut</strong></span> <span class='ocrx_word' id='word_1_232' title='bbox 1048 2921 1125 2972; x_wconf 82' lang='lat' dir='ltr'><strong>est</strong></span> <span class='ocrx_word' id='word_1_233' title='bbox 1170 2921 1368 2986; x_wconf 77' lang='lat' dir='ltr'><strong>captus</strong></span> <span class='ocrx_word' id='word_1_234' title='bbox 1413 2914 1720 2983; x_wconf 70' lang='lat' dir='ltr'><strong>hominum]</strong></span> <span class='ocrx_word' id='word_1_235' title='bbox 1770 2913 1909 2982; x_wconf 85' lang='lat' dir='ltr'><strong>„wie</strong></span> <span class='ocrx_word' id='word_1_236' title='bbox 1945 2912 2029 2967; x_wconf 87' lang='lat' dir='ltr'><strong>die</strong></span> <span class='ocrx_word' id='word_1_237' title='bbox 2062 2912 2476 2981; x_wconf 79' lang='lat' dir='ltr'><strong>Fassungskraft</strong></span> <span class='ocrx_word' id='word_1_238' title='bbox 2510 2912 2604 2966; x_wconf 89' lang='lat' dir='ltr'><strong>der</strong></span> <span class='ocrx_word' id='word_1_239' title='bbox 2637 2911 2802 2966; x_wconf 80' lang='lat' dir='ltr'><strong>Lente</strong></span> <span class='ocrx_word' id='word_1_240' title='bbox 2845 2913 2991 2981; x_wconf 86' lang='lat' dir='ltr'><strong>ist“,</strong></span> 
     </span>
     <span class='ocr_line' id='line_1_26' title="bbox 532 2999 2990 3072; baseline -0.002 -11"><span class='ocrx_word' id='word_1_241' title='bbox 532 3006 665 3061; x_wconf 85' lang='lat' dir='ltr'><strong>nach</strong></span> <span class='ocrx_word' id='word_1_242' title='bbox 700 3005 869 3060; x_wconf 88' lang='lat' dir='ltr'><strong>ihrem</strong></span> <span class='ocrx_word' id='word_1_243' title='bbox 903 3005 1288 3060; x_wconf 77' lang='lat' dir='ltr'><strong>beschriinkten</strong></span> <span class='ocrx_word' id='word_1_244' title='bbox 1317 3004 1609 3071; x_wconf 83' lang='lat' dir='ltr'><strong>Verstand3</strong></span> <span class='ocrx_word' id='word_1_245' title='bbox 1647 3003 1752 3072; x_wconf 84' lang='lat' dir='ltr'><strong>vgl.</strong></span> <span class='ocrx_word' id='word_1_246' title='bbox 1779 3002 2010 3058; x_wconf 85' lang='lat' dir='ltr'><strong>Tacitus’</strong></span> <span class='ocrx_word' id='word_1_247' title='bbox 2039 3001 2213 3056; x_wconf 84' lang='lat' dir='ltr'><strong>Urteil</strong></span> <span class='ocrx_word' id='word_1_248' title='bbox 2251 3002 2380 3056; x_wconf 78' lang='lat' dir='ltr'><strong>fiber</strong></span> <span class='ocrx_word' id='word_1_249' title='bbox 2414 3001 2499 3055; x_wconf 83' lang='lat' dir='ltr'><strong>die</strong></span> <span class='ocrx_word' id='word_1_250' title='bbox 2525 2999 2752 3057; x_wconf 82' lang='lat' dir='ltr'><strong>Chatten</strong></span> <span class='ocrx_word' id='word_1_251' title='bbox 2789 2999 2990 3069; x_wconf 81' lang='lat' dir='ltr'><strong>(Germ.</strong></span> 
     </span>
     <span class='ocr_line' id='line_1_27' title="bbox 533 3091 2992 3163; baseline -0.002 -13"><span class='ocrx_word' id='word_1_252' title='bbox 533 3112 576 3150; x_wconf 91' lang='lat' dir='ltr'><strong>c.</strong></span> <span class='ocrx_word' id='word_1_253' title='bbox 603 3096 723 3161; x_wconf 84' lang='lat'><strong>30):</strong></span> <span class='ocrx_word' id='word_1_254' title='bbox 761 3137 792 3163; x_wconf 92' lang='lat'>„</span> <span class='ocrx_word' id='word_1_255' title='bbox 804 3095 1046 3163; x_wconf 90' lang='lat' dir='ltr'><strong>multum,</strong></span> <span class='ocrx_word' id='word_1_256' title='bbox 1085 3096 1150 3149; x_wconf 90' lang='lat' dir='ltr'><strong>ut</strong></span> <span class='ocrx_word' id='word_1_257' title='bbox 1183 3094 1325 3149; x_wconf 82' lang='lat' dir='ltr'><strong>inter</strong></span> <span class='ocrx_word' id='word_1_258' title='bbox 1352 3091 1655 3161; x_wconf 84' lang='lat' dir='ltr'><strong>Germanos,</strong></span> <span class='ocrx_word' id='word_1_259' title='bbox 1693 3092 1914 3147; x_wconf 85' lang='lat' dir='ltr'><strong>rationis</strong></span> <span class='ocrx_word' id='word_1_260' title='bbox 1949 3093 2007 3146; x_wconf 90' lang='lat' dir='ltr'><strong>et</strong></span> <span class='ocrx_word' id='word_1_261' title='bbox 2042 3091 2366 3146; x_wconf 87' lang='lat' dir='ltr'><strong>sollertiae“.</strong></span> <span class='ocrx_word' id='word_1_262' title='bbox 2404 3121 2471 3130; x_wconf 95' lang='lat'><strong>—</strong></span> <span class='ocrx_word' id='word_1_263' title='bbox 2508 3091 2710 3147; x_wconf 75' lang='lat' dir='ltr'><strong>hostem</strong></span> <span class='ocrx_word' id='word_1_264' title='bbox 2745 3091 2992 3160; x_wconf 77' lang='lat' dir='ltr'><strong>aspicere</strong></span> 
     </span>
     <span class='ocr_line' id='line_1_28' title="bbox 533 3179 2992 3256; baseline -0.002 -15"><span class='ocrx_word' id='word_1_265' title='bbox 533 3202 649 3241; x_wconf 74' lang='lat' dir='ltr'><strong>non</strong></span> <span class='ocrx_word' id='word_1_266' title='bbox 674 3184 931 3256; x_wconf 70' lang='lat' dir='ltr'><strong>possum]</strong></span> <span class='ocrx_word' id='word_1_267' title='bbox 979 3183 1063 3238; x_wconf 86' lang='lat' dir='ltr'><strong>die</strong></span> <span class='ocrx_word' id='word_1_268' title='bbox 1093 3182 1323 3252; x_wconf 83' lang='lat' dir='ltr'><strong>jetzigen</strong></span> <span class='ocrx_word' id='word_1_269' title='bbox 1361 3180 1642 3249; x_wconf 88' lang='lat' dir='ltr'><strong>Griechen,</strong></span> <span class='ocrx_word' id='word_1_270' title='bbox 1679 3181 1830 3236; x_wconf 86' lang='lat' dir='ltr'><strong>nicht</strong></span> <span class='ocrx_word' id='word_1_271' title='bbox 1864 3181 1948 3236; x_wconf 86' lang='lat' dir='ltr'><strong>die</strong></span> <span class='ocrx_word' id='word_1_272' title='bbox 1984 3180 2230 3250; x_wconf 77' lang='lat' dir='ltr'><strong>Besieger</strong></span> <span class='ocrx_word' id='word_1_273' title='bbox 2264 3181 2358 3235; x_wconf 89' lang='lat' dir='ltr'><strong>der</strong></span> <span class='ocrx_word' id='word_1_274' title='bbox 2391 3179 2594 3235; x_wconf 78' lang='lat' dir='ltr'><strong>Pei-ser.</strong></span> <span class='ocrx_word' id='word_1_275' title='bbox 2634 3206 2701 3218; x_wconf 93' lang='lat'><strong>—-</strong></span> <span class='ocrx_word' id='word_1_276' title='bbox 2753 3180 2992 3236; x_wconf 72' lang='lat' dir='ltr'><strong>humane</strong></span> 
     </span>
     <span class='ocr_line' id='line_1_29' title="bbox 534 3268 2989 3344; baseline -0.003 -14"><span class='ocrx_word' id='word_1_277' title='bbox 534 3274 748 3344; x_wconf 77' lang='lat' dir='ltr'><strong>ferunt]</strong></span> <span class='ocrx_word' id='word_1_278' title='bbox 787 3275 1074 3342; x_wconf 83' lang='lat' dir='ltr'><strong>„ertragen</strong></span> <span class='ocrx_word' id='word_1_279' title='bbox 1111 3271 1471 3327; x_wconf 85' lang='lat' dir='ltr'><strong>menschlieh“</strong></span> <span class='ocrx_word' id='word_1_280' title='bbox 1507 3271 1598 3339; x_wconf 76' lang='lat' dir='ltr'><strong>(ut</strong></span> <span class='ocrx_word' id='word_1_281' title='bbox 1635 3270 1787 3326; x_wconf 75' lang='lat' dir='ltr'><strong>decet</strong></span> <span class='ocrx_word' id='word_1_282' title='bbox 1820 3270 2143 3337; x_wconf 74' lang='lat' dir='ltr'><strong>hominem);</strong></span> <span class='ocrx_word' id='word_1_283' title='bbox 2179 3269 2286 3339; x_wconf 84' lang='lat' dir='ltr'><strong>vgl.</strong></span> <span class='ocrx_word' id='word_1_284' title='bbox 2323 3285 2441 3324; x_wconf 85' lang='lat' dir='ltr'><strong>zum</strong></span> <span class='ocrx_word' id='word_1_285' title='bbox 2476 3268 2678 3339; x_wconf 81' lang='lat' dir='ltr'><strong>Begriff</strong></span> <span class='ocrx_word' id='word_1_286' title='bbox 2710 3270 2989 3337; x_wconf 85' lang='lat' dir='ltr'><strong>„mensch-</strong></span> 
     </span>
     <span class='ocr_line' id='line_1_30' title="bbox 535 3358 2990 3430; baseline -0.002 -11"><span class='ocrx_word' id='word_1_287' title='bbox 535 3365 685 3419; x_wconf 89' lang='lat' dir='ltr'><strong>lich“</strong></span> <span class='ocrx_word' id='word_1_288' title='bbox 733 3363 829 3418; x_wconf 84' lang='lat' dir='ltr'><strong>das</strong></span> <span class='ocrx_word' id='word_1_289' title='bbox 863 3361 1063 3417; x_wconf 86' lang='lat' dir='ltr'><strong>Urteil:</strong></span> <span class='ocrx_word' id='word_1_290' title='bbox 1115 3359 1361 3430; x_wconf 85' lang='lat' dir='ltr'><strong>„Goethe</strong></span> <span class='ocrx_word' id='word_1_291' title='bbox 1397 3361 1473 3415; x_wconf 90' lang='lat' dir='ltr'><strong>ist</strong></span> <span class='ocrx_word' id='word_1_292' title='bbox 1508 3360 1601 3414; x_wconf 86' lang='lat' dir='ltr'><strong>der</strong></span> <span class='ocrx_word' id='word_1_293' title='bbox 1635 3359 2042 3415; x_wconf 81' lang='lat' dir='ltr'><strong>Menschlichste</strong></span> <span class='ocrx_word' id='word_1_294' title='bbox 2078 3360 2237 3414; x_wconf 88' lang='lat' dir='ltr'><strong>unter</strong></span> <span class='ocrx_word' id='word_1_295' title='bbox 2272 3358 2373 3413; x_wconf 89' lang='lat' dir='ltr'><strong>den</strong></span> <span class='ocrx_word' id='word_1_296' title='bbox 2409 3358 2691 3413; x_wconf 78' lang='lat' dir='ltr'><strong>Menschen</strong></span> <span class='ocrx_word' id='word_1_297' title='bbox 2706 3359 2756 3413; x_wconf 85' lang='lat'><strong>“.</strong></span> <span class='ocrx_word' id='word_1_298' title='bbox 2793 3386 2863 3397; x_wconf 96' lang='lat'>—</span> <span class='ocrx_word' id='word_1_299' title='bbox 2911 3359 2990 3415; x_wconf 74' lang='lat' dir='ltr'><strong>At</strong></span> 
     </span>
     <span class='ocr_line' id='line_1_31' title="bbox 537 3447 2989 3522; baseline -0.004 -12"><span class='ocrx_word' id='word_1_300' title='bbox 537 3453 744 3511; x_wconf 75' lang='lat' dir='ltr'><strong>Cimbri</strong></span> <span class='ocrx_word' id='word_1_301' title='bbox 780 3494 794 3509; x_wconf 89' lang='lat'><strong>.</strong></span> <span class='ocrx_word' id='word_1_302' title='bbox 816 3493 828 3508; x_wconf 93' lang='lat'><strong>.</strong></span> <span class='ocrx_word' id='word_1_303' title='bbox 852 3451 889 3522; x_wconf 93' lang='lat'><strong>.]</strong></span> <span class='ocrx_word' id='word_1_304' title='bbox 929 3451 1176 3520; x_wconf 85' lang='lat' dir='ltr'><strong>„Anders</strong></span> <span class='ocrx_word' id='word_1_305' title='bbox 1213 3450 1296 3505; x_wconf 86' lang='lat' dir='ltr'><strong>die</strong></span> <span class='ocrx_word' id='word_1_306' title='bbox 1332 3449 1601 3517; x_wconf 85' lang='lat' dir='ltr'><strong>Cimbern3</strong></span> <span class='ocrx_word' id='word_1_307' title='bbox 1642 3448 1783 3503; x_wconf 86' lang='lat' dir='ltr'><strong>diese</strong></span> <span class='ocrx_word' id='word_1_308' title='bbox 1820 3489 1834 3504; x_wconf 89' lang='lat'><strong>.</strong></span> <span class='ocrx_word' id='word_1_309' title='bbox 1857 3489 1870 3503; x_wconf 88' lang='lat'><em>.</em></span> <span class='ocrx_word' id='word_1_310' title='bbox 1893 3448 1961 3504; x_wconf 86' lang='lat'><strong>.“.</strong></span> <span class='ocrx_word' id='word_1_311' title='bbox 2001 3477 2065 3486; x_wconf 90' lang='lat'><strong>--</strong></span> <span class='ocrx_word' id='word_1_312' title='bbox 2109 3447 2338 3516; x_wconf 74' lang='lat' dir='ltr'><strong>Cimbri]</strong></span> <span class='ocrx_word' id='word_1_313' title='bbox 2378 3447 2472 3501; x_wconf 85' lang='lat' dir='ltr'><strong>wie</strong></span> <span class='ocrx_word' id='word_1_314' title='bbox 2507 3447 2593 3502; x_wconf 89' lang='lat' dir='ltr'><strong>die</strong></span> <span class='ocrx_word' id='word_1_315' title='bbox 2625 3463 2788 3516; x_wconf 83' lang='lat' dir='ltr'><strong>ganze</strong></span> <span class='ocrx_word' id='word_1_316' title='bbox 2822 3447 2989 3502; x_wconf 82' lang='lat' dir='ltr'><strong>Basse</strong></span> 
     </span>
     <span class='ocr_line' id='line_1_32' title="bbox 535 3535 2987 3613; baseline -0.002 -15"><span class='ocrx_word' id='word_1_317' title='bbox 535 3546 815 3613; x_wconf 89' lang='lat' dir='ltr'><strong>(„corpora</strong></span> <span class='ocrx_word' id='word_1_318' title='bbox 850 3541 918 3595; x_wconf 87' lang='lat' dir='ltr'><strong>ad</strong></span> <span class='ocrx_word' id='word_1_319' title='bbox 952 3542 1207 3612; x_wconf 90' lang='lat' dir='ltr'><strong>impetum</strong></span> <span class='ocrx_word' id='word_1_320' title='bbox 1243 3539 1441 3607; x_wconf 84' lang='lat' dir='ltr'><strong>valida,</strong></span> <span class='ocrx_word' id='word_1_321' title='bbox 1478 3538 1675 3594; x_wconf 86' lang='lat' dir='ltr'><strong>laboris</strong></span> <span class='ocrx_word' id='word_1_322' title='bbox 1711 3540 1871 3608; x_wconf 87' lang='lat' dir='ltr'><strong>atque</strong></span> <span class='ocrx_word' id='word_1_323' title='bbox 1907 3553 2122 3608; x_wconf 87' lang='lat' dir='ltr'><strong>operum</strong></span> <span class='ocrx_word' id='word_1_324' title='bbox 2158 3553 2262 3591; x_wconf 90' lang='lat' dir='ltr'><strong>non</strong></span> <span class='ocrx_word' id='word_1_325' title='bbox 2298 3535 2478 3590; x_wconf 83' lang='lat' dir='ltr'><strong>eadem</strong></span> <span class='ocrx_word' id='word_1_326' title='bbox 2512 3537 2832 3606; x_wconf 87' lang='lat' dir='ltr'><strong>patientia“,</strong></span> <span class='ocrx_word' id='word_1_327' title='bbox 2865 3535 2987 3593; x_wconf 81' lang='lat' dir='ltr'><strong>Tac.</strong></span> 
     </span>
     <span class='ocr_line' id='line_1_33' title="bbox 538 3623 2987 3699; baseline -0.003 -11"><span class='ocrx_word' id='word_1_328' title='bbox 538 3631 711 3688; x_wconf 88' lang='lat' dir='ltr'><strong>Germ.</strong></span> <span class='ocrx_word' id='word_1_329' title='bbox 750 3649 794 3687; x_wconf 90' lang='lat' dir='ltr'><strong>c.</strong></span> <span class='ocrx_word' id='word_1_330' title='bbox 832 3632 914 3698; x_wconf 85' lang='lat'><strong>4);</strong></span> <span class='ocrx_word' id='word_1_331' title='bbox 973 3629 1226 3687; x_wconf 71' lang='lat' dir='ltr'><strong>Celtiberi</strong></span> <span class='ocrx_word' id='word_1_332' title='bbox 1273 3629 1327 3683; x_wconf 92' lang='lat' dir='ltr'><strong>in</strong></span> <span class='ocrx_word' id='word_1_333' title='bbox 1366 3627 1608 3699; x_wconf 83' lang='lat' dir='ltr'><strong>Spanien.</strong></span> <span class='ocrx_word' id='word_1_334' title='bbox 1681 3625 1858 3682; x_wconf 88' lang='lat' dir='ltr'><strong>Cicero</strong></span> <span class='ocrx_word' id='word_1_335' title='bbox 1911 3627 2103 3681; x_wconf 88' lang='lat' dir='ltr'><strong>nimmt</strong></span> <span class='ocrx_word' id='word_1_336' title='bbox 2154 3624 2349 3680; x_wconf 87' lang='lat' dir='ltr'><strong>Kelten</strong></span> <span class='ocrx_word' id='word_1_337' title='bbox 2403 3625 2511 3680; x_wconf 85' lang='lat' dir='ltr'><strong>und</strong></span> <span class='ocrx_word' id='word_1_338' title='bbox 2559 3623 2851 3681; x_wconf 81' lang='lat' dir='ltr'><strong>Germanou</strong></span> <span class='ocrx_word' id='word_1_339' title='bbox 2903 3643 2987 3680; x_wconf 83' lang='lat' dir='ltr'><strong>zu-</strong></span> 
     </span>
    </p>
   </div>
   <div class='ocr_carea' id='block_1_5' title="bbox 538 3717 1597 3790">
    <p class='ocr_par' dir='ltr' id='par_1_5' title="bbox 538 3717 1597 3790">
     <span class='ocr_line' id='line_1_34' title="bbox 538 3717 1597 3790; baseline -0.004 -14"><span class='ocrx_word' id='word_1_340' title='bbox 538 3737 784 3790; x_wconf 88' lang='lat' dir='ltr'><strong>sammen,</strong></span> <span class='ocrx_word' id='word_1_341' title='bbox 822 3718 984 3775; x_wconf 66' lang='lat' dir='ltr'><strong>Casar</strong></span> <span class='ocrx_word' id='word_1_342' title='bbox 1018 3720 1190 3774; x_wconf 88' lang='lat' dir='ltr'><strong>lehrte</strong></span> <span class='ocrx_word' id='word_1_343' title='bbox 1226 3718 1302 3773; x_wconf 87' lang='lat' dir='ltr'><strong>sie</strong></span> <span class='ocrx_word' id='word_1_344' title='bbox 1338 3717 1597 3773; x_wconf 89' lang='lat' dir='ltr'><strong>scheiden.</strong></span> 
     </span>
    </p>
   </div>
   <div class='ocr_carea' id='block_1_6' title="bbox 1069 3875 2464 3945">
    <p class='ocr_par' dir='ltr' id='par_1_6' title="bbox 1069 3875 2464 3945">
     <span class='ocr_line' id='line_1_35' title="bbox 1069 3875 2464 3945; baseline -0.004 -10"><span class='ocrx_word' id='word_1_345' title='bbox 1069 3883 1349 3935; x_wconf 70' lang='lat' dir='ltr'><strong>Abochlute</strong></span> <span class='ocrx_word' id='word_1_346' title='bbox 1385 3884 1480 3934; x_wconf 80' lang='lat' dir='ltr'><strong>der</strong></span> <span class='ocrx_word' id='word_1_347' title='bbox 1515 3882 1846 3944; x_wconf 64' lang='lat' dir='ltr'><strong>Brea-tems</strong></span> <span class='ocrx_word' id='word_1_348' title='bbox 1879 3881 1974 3931; x_wconf 83' lang='lat' dir='ltr'><strong>der</strong></span> <span class='ocrx_word' id='word_1_349' title='bbox 2009 3881 2193 3931; x_wconf 64' lang='lat' dir='ltr'><strong>These.</strong></span> <span class='ocrx_word' id='word_1_350' title='bbox 2265 3875 2318 3945; x_wconf 68' lang='grc' dir='ltr'><strong>(ἓ</strong></span> <span class='ocrx_word' id='word_1_351' title='bbox 2354 3875 2464 3942; x_wconf 85' lang='grc'><strong>66.)</strong></span> 
     </span>
    </p>
   </div>
   <div class='ocr_carea' id='block_1_7' title="bbox 538 3981 2986 4430">
    <p class='ocr_par' dir='ltr' id='par_1_7' title="bbox 538 3981 2986 4149">
     <span class='ocr_line' id='line_1_36' title="bbox 538 3981 2986 4057; baseline -0.004 -11"><span class='ocrx_word' id='word_1_352' title='bbox 538 3991 611 4046; x_wconf 86' lang='lat' dir='ltr'><strong>Es</strong></span> <span class='ocrx_word' id='word_1_353' title='bbox 638 3990 766 4046; x_wconf 88' lang='lat' dir='ltr'><strong>wird</strong></span> <span class='ocrx_word' id='word_1_354' title='bbox 794 4006 891 4045; x_wconf 87' lang='lat' dir='ltr'><strong>aus</strong></span> <span class='ocrx_word' id='word_1_355' title='bbox 929 3989 1020 4044; x_wconf 87' lang='lat' dir='ltr'><strong>der</strong></span> <span class='ocrx_word' id='word_1_356' title='bbox 1056 3988 1417 4044; x_wconf 86' lang='lat' dir='ltr'><strong>stoischen</strong></span> <span class='ocrx_word' id='word_1_357' title='bbox 1453 3987 1563 4041; x_wconf 86' lang='lat' dir='ltr'><strong>und</strong></span> <span class='ocrx_word' id='word_1_358' title='bbox 1598 3985 2210 4057; x_wconf 88' lang='lat' dir='ltr'><strong>peripatetischen</strong></span> <span class='ocrx_word' id='word_1_359' title='bbox 2245 3981 2603 4052; x_wconf 85' lang='lat' dir='ltr'><strong>Anschauung</strong></span> <span class='ocrx_word' id='word_1_360' title='bbox 2629 3982 2744 4037; x_wconf 90' lang='lat' dir='ltr'><strong>eine</strong></span> <span class='ocrx_word' id='word_1_361' title='bbox 2770 3981 2986 4037; x_wconf 82' lang='lat' dir='ltr'><strong>Maxime</strong></span> 
     </span>
     <span class='ocr_line' id='line_1_37' title="bbox 1081 4073 2446 4149; baseline -0.002 -16"><span class='ocrx_word' id='word_1_362' title='bbox 1081 4078 1192 4132; x_wconf 77' lang='lat' dir='ltr'><strong>fiirs</strong></span> <span class='ocrx_word' id='word_1_363' title='bbox 1227 4075 1529 4149; x_wconf 84' lang='lat' dir='ltr'><strong>praktische</strong></span> <span class='ocrx_word' id='word_1_364' title='bbox 1563 4075 1736 4130; x_wconf 88' lang='lat' dir='ltr'><strong>Leben</strong></span> <span class='ocrx_word' id='word_1_365' title='bbox 1774 4073 2446 4144; x_wconf 83' lang='lat' dir='ltr'><strong>zusammengeschmolzen.</strong></span> 
     </span>
    </p>

    <p class='ocr_par' dir='ltr' id='par_1_8' title="bbox 685 4178 2985 4255">
     <span class='ocr_line' id='line_1_38' title="bbox 685 4178 2985 4255; baseline -0.004 -13"><span class='ocrx_word' id='word_1_366' title='bbox 685 4199 769 4242; x_wconf 71' lang='lat' dir='ltr'><strong>oo.</strong></span> <span class='ocrx_word' id='word_1_367' title='bbox 820 4191 926 4241; x_wconf 76' lang='lat' dir='ltr'><strong>aut</strong></span> <span class='ocrx_word' id='word_1_368' title='bbox 959 4184 1148 4241; x_wconf 67' lang='lat' dir='ltr'><strong>mdia</strong></span> <span class='ocrx_word' id='word_1_369' title='bbox 1181 4189 1286 4239; x_wconf 76' lang='lat' dir='ltr'><strong>aut</strong></span> <span class='ocrx_word' id='word_1_370' title='bbox 1320 4183 1599 4255; x_wconf 73' lang='lat' dir='ltr'><strong>opinione]</strong></span> <span class='ocrx_word' id='word_1_371' title='bbox 1647 4180 1798 4236; x_wconf 85' lang='lat' dir='ltr'><strong>Nach</strong></span> <span class='ocrx_word' id='word_1_372' title='bbox 1844 4181 1936 4235; x_wconf 87' lang='lat' dir='ltr'><strong>der</strong></span> <span class='ocrx_word' id='word_1_373' title='bbox 1970 4180 2294 4236; x_wconf 81' lang='lat' dir='ltr'><strong>Affektlehre</strong></span> <span class='ocrx_word' id='word_1_374' title='bbox 2329 4180 2424 4248; x_wconf 90' lang='lat' dir='ltr'><strong>(im</strong></span> <span class='ocrx_word' id='word_1_375' title='bbox 2457 4179 2511 4235; x_wconf 83' lang='lat'><strong>3.</strong></span> <span class='ocrx_word' id='word_1_376' title='bbox 2547 4178 2719 4245; x_wconf 85' lang='lat' dir='ltr'><strong>Buch)</strong></span> <span class='ocrx_word' id='word_1_377' title='bbox 2753 4178 2985 4232; x_wconf 85' lang='lat' dir='ltr'><strong>entsteht</strong></span> 
     </span>
    </p>

    <p class='ocr_par' dir='ltr' id='par_1_9' title="bbox 541 4265 2986 4343">
     <span class='ocr_line' id='line_1_39' title="bbox 541 4265 2986 4343; baseline -0.003 -13"><span class='ocrx_word' id='word_1_378' title='bbox 541 4275 675 4330; x_wconf 89' lang='lat' dir='ltr'><strong>auch</strong></span> <span class='ocrx_word' id='word_1_379' title='bbox 711 4275 806 4330; x_wconf 84' lang='lat' dir='ltr'><strong>das</strong></span> <span class='ocrx_word' id='word_1_380' title='bbox 832 4274 1085 4331; x_wconf 74' lang='lat' dir='ltr'><strong>studium</strong></span> <span class='ocrx_word' id='word_1_381' title='bbox 1118 4273 1402 4343; x_wconf 84' lang='lat' dir='ltr'><strong>(Neigung‚</strong></span> <span class='ocrx_word' id='word_1_382' title='bbox 1437 4273 1594 4339; x_wconf 85' lang='lat' dir='ltr'><strong>Lust)</strong></span> <span class='ocrx_word' id='word_1_383' title='bbox 1629 4288 1725 4326; x_wconf 89' lang='lat' dir='ltr'><strong>aus</strong></span> <span class='ocrx_word' id='word_1_384' title='bbox 1761 4271 1855 4325; x_wconf 90' lang='lat' dir='ltr'><strong>der</strong></span> <span class='ocrx_word' id='word_1_385' title='bbox 1889 4271 2097 4341; x_wconf 73' lang='lat' dir='ltr'><strong>opinio.</strong></span> <span class='ocrx_word' id='word_1_386' title='bbox 2137 4298 2203 4309; x_wconf 91' lang='lat'><strong>--</strong></span> <span class='ocrx_word' id='word_1_387' title='bbox 2239 4268 2590 4337; x_wconf 74' lang='lat' dir='ltr'><strong>alienumque</strong></span> <span class='ocrx_word' id='word_1_388' title='bbox 2623 4265 2857 4335; x_wconf 71' lang='lat' dir='ltr'><strong>natura]</strong></span> <span class='ocrx_word' id='word_1_389' title='bbox 2892 4268 2986 4322; x_wconf 85' lang='lat' dir='ltr'><strong>wie</strong></span> 
     </span>
    </p>

    <p class='ocr_par' dir='ltr' id='par_1_10' title="bbox 542 4356 2986 4430">
     <span class='ocr_line' id='line_1_40' title="bbox 542 4356 2986 4430; baseline -0.003 -12"><span class='ocrx_word' id='word_1_390' title='bbox 542 4365 671 4419; x_wconf 88' lang='lat' dir='ltr'><strong>oben</strong></span> <span class='ocrx_word' id='word_1_391' title='bbox 709 4370 902 4421; x_wconf 62' lang='lat' dir='ltr'><strong>eontra</strong></span> <span class='ocrx_word' id='word_1_392' title='bbox 935 4369 1219 4421; x_wconf 76' lang='lat' dir='ltr'><strong>naturam.</strong></span> <span class='ocrx_word' id='word_1_393' title='bbox 1268 4391 1335 4402; x_wconf 90' lang='lat'><em>—</em></span> <span class='ocrx_word' id='word_1_394' title='bbox 1384 4363 1470 4417; x_wconf 82' lang='lat' dir='ltr'><strong>ita</strong></span> <span class='ocrx_word' id='word_1_395' title='bbox 1516 4362 1789 4418; x_wconf 78' lang='lat' dir='ltr'><strong>obmatwr</strong></span> <span class='ocrx_word' id='word_1_396' title='bbox 1833 4365 1899 4416; x_wconf 77' lang='lat' dir='ltr'><strong>ut</strong></span> <span class='ocrx_word' id='word_1_397' title='bbox 1932 4376 2209 4430; x_wconf 66' lang='lat' dir='ltr'><strong>nmquam</strong></span> <span class='ocrx_word' id='word_1_398' title='bbox 2243 4359 2537 4430; x_wconf 74' lang='lat' dir='ltr'><strong>appareat]</strong></span> <span class='ocrx_word' id='word_1_399' title='bbox 2588 4356 2708 4426; x_wconf 85' lang='lat' dir='ltr'><strong>Vgl.</strong></span> <span class='ocrx_word' id='word_1_400' title='bbox 2746 4356 2870 4410; x_wconf 73' lang='lat' dir='ltr'><strong>tiber</strong></span> <span class='ocrx_word' id='word_1_401' title='bbox 2902 4356 2986 4411; x_wconf 90' lang='lat' dir='ltr'><strong>die</strong></span> 
     </span>
    </p>
   </div>
  </div>
 </body>
</html>
