3221 4850
509 281 613 343 152
1300 282 1717 337 Tusculanarum
1755 282 2167 351 disputationum

507 444 790 529 perfecta
834 445 1058 510 virtus.
1147 445 1326 510 Haec
1370 447 1446 509 ut
1491 445 1762 528 imperet
1806 444 1900 509 illi
1944 445 2114 528 parti
2160 445 2389 521 animi,
2449 463 2611 527 quae
2677 446 2999 512 oboedire

422 571 489 617 ιε
511 552 717 629 debet,
762 552 829 616 id
875 551 1221 617 videndum
1269 555 1369 615 est
1413 550 1565 615 viro.
1658 548 1990 629 „Quonam
2036 550 2224 615 modo
2239 553 2317 614 1²⁶⁴
2361 551 2629 633 inquies.
2723 553 2866 618 Vel
2918 556 3001 618 ut

510 657 802 723 dominus
850 676 1030 724 servo
1077 658 1180 723 vel
1223 660 1300 722 ut
1342 659 1691 741 imperator
1720 657 1913 722 militi
1957 658 2058 721 vel
2104 660 2179 722 ut
2224 676 2454 740 parens
2499 659 2645 724 filio.
2721 660 2803 726 Si
2846 663 3002 725 tur-

507 764 767 848 pissime
815 784 882 830 se
927 766 1041 830 illa
1084 784 1233 850 pars
1293 765 1490 829 animi
1549 766 1758 847 geret,
1822 783 2016 846 quam
2076 765 2203 829 dixi
2261 783 2400 830 esse
2445 767 2738 845 mollem,
2809 768 2871 832 si
2926 788 3005 833 se

509 872 809 936 lamentis
856 873 1251 937 muliebriter
1294 872 1704 953 lacrimisque
1752 871 1970 948 dedet,
2017 872 2333 936 vinciatur
2378 874 2446 936 et
2489 874 3007 956 constringatur

512 978 864 1043 amicorum
909 980 1535 1063 propinquorumque
1583 978 1922 1053 custodiis;
1971 997 2158 1062 saepe
2206 980 2377 1044 enim
2407 979 2700 1045 videmus
2734 980 3006 1045 fractos

510 1085 751 1169 pudore
766 1134 782 1162 ‚
848 1086 956 1167 qui
1014 1086 1257 1150 ratione
1316 1085 1497 1149 nulla
1542 1085 1965 1150 vincerentur.
2055 1086 2224 1168 Ergo
2268 1087 2385 1150 hos
2446 1086 2713 1169 quidem
2757 1090 2849 1151 ut
2898 1087 3006 1151 fa-

510 1192 718 1256 mulos
765 1191 988 1257 vinclis
1034 1211 1227 1275 prope
1276 1194 1469 1274 atque
1517 1191 1822 1269 custodia,
1870 1193 1980 1274 qui
2027 1194 2245 1257 autem
2276 1194 2467 1257 erunt
2509 1193 2836 1259 firmiores
2871 1214 3005 1259 nec

513 1300 731 1363 tamen
776 1298 1220 1375 robustissimi,
1264 1299 1381 1362 hos
1428 1297 1761 1362 admonitu
1792 1298 2107 1381 oportebit
2151 1303 2228 1363 ut
2271 1300 2468 1364 bonos
2513 1299 2758 1364 milites
2798 1320 3003 1365 revo-

515 1408 689 1470 catos
736 1405 1112 1488 dignitatem
1158 1404 1341 1469 tueri.
1432 1404 1576 1470 Non
1631 1406 1822 1470 nimis
1881 1406 1948 1469 in
1993 1405 2239 1488 Niptris
2284 1406 2393 1471 ille
2453 1406 3009 1489 sapientissimus

516 1511 818 1577 Graeciae
867 1511 1119 1577 saucius
1165 1512 1558 1576 lamentatur
1604 1512 1705 1576 vel
1750 1512 1993 1577 modice
2040 1513 2286 1596 potius:

730 1655 1364 1739 Pedetemptim‚
1409 1656 1638 1738 inquit,
1685 1659 1765 1721 et
1811 1655 2097 1720 sedato
2143 1656 2362 1734 nisu,

730 1762 840 1827 Ne
889 1763 1286 1826 succussu
1333 1761 1677 1845 arripiat
1719 1762 1970 1826 maior

730 1868 993 1933 Dolor.

430 2045 496 2088 49
517 2022 834 2086 Pacuvius
880 2023 1003 2086 hoc
1047 2022 1277 2086 melius
1326 2040 1521 2104 quam
1572 2020 1914 2105 Sophocles
1962 2023 2160 2107 (apud
2203 2024 2388 2087 illum
2435 2022 2605 2087 enim
2660 2042 3005 2106 perquam

517 2129 814 2194 flebiliter
858 2128 1076 2193 Ulixes
1136 2129 1534 2193 lamentatur
1592 2129 1659 2193 in
1719 2129 2042 2211 vulnere);
2104 2132 2319 2194 tamen
2377 2130 2526 2194 huic
2579 2130 2813 2194 leviter
2881 2149 3011 2212 ge-

518 2235 720 2299 menti
765 2235 860 2298 illi
905 2235 1045 2318 ipsi,
1093 2236 1203 2316 qui
1248 2235 1465 2299 ferunt
1511 2237 1820 2313 saucium,
1864 2255 2169 2319 personae
2217 2237 2598 2319 gravitatem
2643 2238 3007 2301 intuentes.

518 2360 645 2405 non
693 2340 993 2406 dubitant
1039 2343 1281 2406 dicere:

732 2485 841 2548 Tu
890 2485 1240 2567 quoque,
1285 2485 1597 2560 UlixeS‚
1646 2486 2128 2568 quamquam
2175 2489 2545 2569 graviter

735 2590 1170 2658 Cernimus
1216 2592 1503 2671 ictum,
1549 2592 1794 2658 nimis
1840 2593 2096 2680 paene
2143 2595 2403 2659 animo
2450 2613 2531 2659 es

665 2891 750 2942 48.
790 2880 1107 2953 twrpt‘ssime
1142 2899 1197 2937 se
1236 2924 1249 2938 .
1268 2924 1280 2937 .
1305 2925 1317 2937 .
1352 2883 1525 2952 peret]
1579 2925 1610 2949 „
1633 2883 1744 2936 sich
1791 2900 1923 2950 ganz
1961 2882 2234 2950 unwiirdig
2270 2881 2544 2949 betriigt“.
2582 2916 2653 2924 -
2687 2880 3006 2934 vinciatur

519 2981 575 3030 ct
611 2974 1031 3043 constrtnqatur
1068 3014 1080 3027 .
1103 3015 1116 3027 .
1139 3014 1151 3026 .
1190 2972 1477 3039 custodiis]
1530 3014 1561 3037 ‚‚
1575 2972 1825 3039 gefesselt
1875 2971 1983 3025 und
2027 2971 2307 3039 geknebelt
2355 2969 2561 3023 werden
2610 2986 2706 3022 von
2744 2968 2848 3022 den
2884 2968 3003 3021 Be-

524 3063 894 3117 wachenden“.
927 3092 991 3101 —
1031 3061 1241 3127 fractos
1271 3061 1510 3129 pudore]
1552 3062 1654 3129 vgl.
1682 3060 1834 3131 Nep„
1862 3060 2043 3114 Them.
2072 3061 2135 3114 2:
2175 3060 2527 3128 „Corcyraeos
2555 3059 2773 3125 fregit“.
2810 3087 2879 3096 -—
2921 3059 3001 3112 in

524 3149 774 3219 Niptris]
797 3156 1018 3222 Νίπτρα
1040 3151 1177 3218 „das
1197 3151 1353 3204 Bad“
1370 3154 1488 3217 (von
1505 3150 1718 3216 νίπτω),
1740 3150 2104 3217 Bezeichnung
2121 3150 2203 3203 fiir
2222 3149 2320 3202 den
2336 3147 2546 3202 Schluts
2564 3148 2656 3201 des
2678 3147 2999 3202 19.Buches

526 3240 619 3292 der
668 3237 1009 3307 „Odyssee“‚
1058 3240 1182 3293 oder
1222 3236 1531 3301 Ὀδυσσεὺς
1571 3236 1957 3307 Ἀκανθοπλὴξ
2005 3238 2140 3291 hiess
2190 3239 2272 3291 ein
2323 3237 2487 3291 Stuek
2536 3238 2628 3291 des
2678 3236 2996 3306 Sophokles,

527 3315 941 3394 dasPacuvius,
993 3328 1086 3380 der
1122 3327 1544 3382 Schwestersohn
1584 3329 1676 3382 des
1712 3327 1940 3393 Ennius,
1994 3327 2338 3381 nachbildete.
2412 3327 2484 3380 Es
2520 3326 2650 3380 wird
2701 3326 2852 3379 darin
2892 3325 3000 3378 der

527 3417 639 3470 Tod
674 3417 765 3470 des
802 3415 1066 3486 Odysscus
1103 3418 1401 3471 behandelt.
1476 3417 1659 3471 Dieser
1695 3418 1794 3470 soll
1831 3435 1929 3471 von
1960 3416 2151 3470 seinem
2191 3417 2299 3470 und
2335 3417 2428 3470 der
2464 3416 2625 3469 Kirke
2661 3414 2995 3484 Sohnprele-

526 3522 691 3574 gonos
716 3507 817 3559 mit
842 3507 985 3560 einer
1009 3506 1192 3573 Lenze,
1222 3506 1376 3560 deren
1406 3505 1582 3576 Spitze
1609 3506 1712 3559 mit
1729 3506 1845 3559 dem
1866 3505 2076 3559 Stachel
2104 3507 2159 3572 (ἡ
2188 3506 2429 3570 ἄκανθα)
2451 3506 2593 3559 eines
2622 3504 2999 3558 Meerrochens

530 3595 777 3648 versehen
816 3612 922 3648 war
935 3637 949 3662 ‚
1003 3598 1209 3662 getiitet
1246 3595 1451 3648 worden
1489 3595 1617 3648 sein.
1693 3595 1790 3647 Die
1825 3594 1988 3648 Verse
2003 3636 2017 3661 ‚
2058 3593 2424 3664 anapiistische
2460 3593 2696 3647 Dimeter
2729 3592 3001 3659 (Marsch-

530 3684 874 3752 rhythmum),
927 3683 1130 3754 spricht
1165 3684 1289 3737 teils
1325 3682 1608 3752 Odysseus,
1646 3684 1769 3738 teils
1807 3684 1899 3736 der
1933 3682 2088 3739 Chor.
2127 3713 2196 3722 —-
2234 3682 2644 3752 Pedetmptim]
2702 3724 2732 3749 „
2747 3683 2849 3734 mit
2885 3682 3001 3736 den

531 3771 720 3826 Fiissen
759 3772 1014 3826 tastend“
1053 3775 1201 3839 tragt
1236 3772 1375 3825 mich
1418 3775 1673 3827 vorwiirts
1691 3814 1703 3838 ,
1741 3789 1992 3841 synonym
2032 3789 2095 3825 zu
2137 3771 2327 3826 sedato
2362 3772 2493 3826 nisu
2533 3774 2652 3837 (von
2690 3770 2879 3835 nitor).
2920 3799 2998 3809 —

532 3860 816 3927 sucatum]
854 3877 916 3913 zu
952 3861 1147 3930 quatio
1185 3860 1519 3926 .,sehlittle“‚
1558 3860 1662 3928 vgl.
1699 3860 1879 3914 weiter
1914 3863 2076 3914 unten
2114 3876 2347 3929 quassu,
2389 3859 2594 3926 „durch
2632 3860 2732 3912 den
2770 3858 3002 3926 Stoss“;

533 3966 575 4003 s.
615 3966 676 4002 zu
713 3950 745 4018 ξ
781 3949 868 4003 20.
907 3979 972 3988 —
1013 3947 1279 4020 arripiat]
1318 3954 1539 4017 ergiinze
1574 3966 1672 4004 me.

677 4057 761 4100 49.
816 4046 1033 4114 melius]
1084 4063 1156 4101 sc.
1195 4046 1343 4112 fecit.
1384 4076 1449 4086 —-
1502 4047 1661 4116 apud
1705 4047 1888 4115 illum]
1942 4042 2070 4115 „bei
2106 4048 2299 4101 diesem
2313 4048 2364 4102 ⁴⁴.
2412 4076 2479 4086 —
2519 4062 2790 4116 perquam
2835 4045 2999 4114 flebi—

535 4136 684 4203 liter]
720 4151 989 4204 perquam
1014 4137 1295 4190 besonders
1321 4137 1377 4190 in
1405 4137 1503 4190 den
1531 4137 1742 4191 Briefen
1771 4136 1976 4192 Ciceros
2005 4154 2096 4190 zur
2122 4136 2502 4204 Verstiirkung.
2540 4164 2609 4174 —
2646 4136 2710 4188 im
2744 4134 3004 4204 vulnere}

536 4224 660 4290 „bei
698 4224 868 4278 seiner
902 4225 1335 4294 Verwundung“.
1393 4255 1458 4265 --
1506 4242 1778 4296 personae
1821 4226 2172 4296 gravitatem]
2227 4267 2258 4294 „
2273 4226 2356 4279 die
2392 4224 2587 4278 Wiirde
2635 4223 2728 4277 der
2776 4223 3000 4279 Persiin-

533 4312 815 4367 lichkeit“.
873 4343 942 4352 —
1006 4313 1196 4381 nimis]
1261 4315 1362 4368 mit
1417 4318 1698 4368 stummem
1753 4314 2033 4369 Schluss-s
2096 4315 2190 4368 wie
2255 4317 2433 4385 spiiter
2496 4312 2865 4382 antplificatis.
2927 4343 3007 4352 -—
