3221 4850
1264 278 1380 332 Lib.
1416 277 1489 346 11,
1528 294 1574 331 0.
1612 278 1770 332 4—5.
2646 271 2752 333 123

500 442 812 507 Probae
861 440 1023 506 etsi
1067 441 1146 505 in
1194 442 1555 522 segetem
1602 439 1790 504 sunt
1835 437 2330 503 deteriorem
2377 437 2616 502 datae

503 548 845 631 Fruges,
890 550 1160 612 tamen
1205 548 1432 630 ipsae
1481 546 1776 629 suapte
1821 548 2124 609 natura
2171 544 2521 622 enitent,

289 674 381 739 sic
436 674 632 737 animi
683 667 811 738 non
869 691 1087 738 omnes
1135 672 1293 737 culti
1337 670 1621 736 fructum
1666 670 1897 735 ferunt.
1990 671 2228 752 Atque,
2288 671 2364 734 ut
2407 670 2475 733 in
2521 669 2744 734 eodem

290 781 484 845 simili
530 799 761 857 verser,
806 781 881 843 ut
926 799 1077 861 ager
1110 779 1399 861 quamvis
1446 777 1674 843 fertilis
1723 778 1857 842 sine
1905 778 2159 842 cultura
2190 776 2556 842 fructuosus
2604 795 2742 841 esse

284 906 413 952 non
458 890 688 971 potest,
735 886 825 951 sic
871 886 1006 951 sine
1054 885 1339 951 doctrina
1386 886 1670 960 animus3
1718 885 1811 948 ita
1856 886 1956 949 est
2001 886 2275 966 utraque
2320 902 2423 947 res
2471 883 2605 947 sine
2654 883 2744 947 al-

290 996 431 1060 tera
477 993 718 1059 debilis.
810 992 1078 1060 Cultura
1124 997 1341 1058 autem
1388 993 1585 1057 animi
1629 992 2024 1076 philosophia
2070 993 2202 1066 est;
2261 991 2421 1055 haec
2467 990 2745 1055 extrahit

292 1101 451 1166 vitia
508 1100 813 1165 radicitus
877 1103 943 1166 et
1002 1103 1341 1184 praeparat
1399 1099 1645 1164 animos
1707 1098 1785 1163 ad
1847 1099 2025 1163 satus
2087 1098 2481 1181 accipiendos
2542 1116 2743 1180 eaque

287 1207 555 1272 mandat
597 1207 675 1271 iis
724 1209 818 1285 et,
862 1210 940 1272 ut
984 1207 1077 1271 ita
1123 1206 1347 1285 dicam,
1394 1206 1567 1284 serit,
1616 1224 1778 1288 quae
1827 1205 2048 1269 adulta
2094 1204 2342 1270 fructus
2389 1204 2742 1269 uberrimos

288 1314 515 1379 ferant.
606 1316 892 1397 Agamus
937 1314 1160 1397 igitur,
1219 1315 1294 1378 ut
1338 1313 1681 1396 coepimus.
1770 1312 1915 1390 Dic,
1954 1312 2016 1377 si
2062 1312 2184 1390 vis,
2232 1312 2308 1376 de
2359 1331 2481 1393 quo
2530 1311 2744 1395 dispu-

286 1421 413 1485 tari
457 1421 632 1485 velis.

463 1526 548 1592 A.
602 1528 978 1592 Dolorem
1027 1527 1407 1593 existimo
1452 1526 1887 1591 maximum
1932 1526 2329 1591 malorum
2376 1524 2827 1589 omnium.14

290 1759 417 1827 (vgl.
455 1776 506 1813 u.
547 1757 713 1812 datae
752 1758 1002 1825 „fallt“).
1023 1787 1092 1797 -
1121 1758 1336 1812 Probae
1366 1797 1412 1812 ..
1435 1798 1447 1812 .
1474 1757 1687 1826 ἰταμῶς]
1721 1757 1814 1810 wie
1834 1773 1991 1810 unser
2019 1759 2220 1824 „gutes
2238 1754 2384 1810 Korn
2397 1756 2428 1782 ‘⁴
2467 1780 2532 1800 =
2563 1756 2616 1821 a)
2651 1754 2743 1808 Er-

291 1848 475 1918 gebnis
495 1846 588 1900 der
605 1846 785 1913 Emte,
803 1847 860 1913 b)
881 1863 997 1899 zum
1015 1846 1148 1900 Saen
1166 1850 1219 1913 (‚,
1233 1846 1490 1900 Saatkorn
1506 1847 1575 1911 “).
1608 1876 1673 1885 ·-
1697 1845 1945 1916 seyetem]
1978 1888 2010 1913 ‚,
2023 1845 2106 1899 die
2126 1845 2328 1899 Brache
2341 1846 2373 1872 “
2393 1846 2499 1913 (fiir
2517 1846 2602 1898 die
2615 1844 2744 1898 Saat

288 1936 563 1990 bestelltes
589 1934 754 2001 Feld),
785 1936 1099 2003 wenigstens
1127 1936 1261 1988 nach
1287 1935 1566 1989 deutscher
1601 1934 2097 2002 Bewirtschaftung.
2119 1964 2186 1973 —
2206 1935 2272 1988 in
2293 1940 2518 2003 segetem
2554 1934 2742 2001 datae]

287 2025 394 2093 vgl.
421 2024 465 2091 Ι,
496 2026 558 2079 7:
608 2025 709 2091 „in
736 2041 891 2094 quam
930 2025 1349 2078 exercitationem
1381 2065 1394 2079 .
1416 2065 1428 2078 .
1452 2065 1464 2078 .
1504 2041 1599 2077 uos
1633 2023 1870 2077 dedimus
1887 2026 1938 2079 “.
1969 2053 2039 2062 —-
2075 2023 2293 2092 suapte]
2332 2023 2427 2076 wie
2459 2028 2642 2092 svapte
2679 2039 2744 2076 zu

290 2115 451 2169 lesen.
473 2143 539 2152 —
569 2115 801 2181 παίωνα]
824 2113 1432 2182 ‚,(Keimungs·)Kraft“.
1453 2143 1519 2153 ——
1549 2112 1780 2182 enfftent]
1811 2155 1842 2180 ,‚
1858 2113 2041 2181 dringt
2059 2129 2235 2183 empor
2250 2114 2298 2166 “.
2321 2143 2388 2152 —
2407 2128 2524 2165 non
2542 2110 2744 2179 omncs]

287 2198 404 2257 wie
431 2202 619 2257 Accius
648 2203 780 2257 auch
807 2203 936 2258 Hor.
966 2220 1046 2273 ep.
1075 2202 1117 2270 I,
1151 2204 1197 2269 1,
1226 2203 1296 2258 39
1311 2203 1377 2258 f.=
1416 2243 1447 2269 ‚‚
1464 2202 1629 2256 Nemo
1656 2202 1785 2256 adeo
1813 2204 1953 2256 ferus
1981 2206 2080 2267 est,
2110 2206 2173 2255 ut
2200 2218 2304 2255 non
2331 2201 2602 2254 mitescere
2629 2216 2746 2271 pos-

292 2293 367 2346 sit
378 2293 426 2346 “.
465 2322 532 2331 —
570 2292 839 2359 fructum]
887 2310 986 2347 von
1025 2293 1118 2345 der
1152 2292 1412 2360 geistigen
1447 2291 1674 2356 Frucht‚
1720 2292 1814 2345 wie
1853 2294 2015 2345 unteu
2053 2290 2363 2345 uberrimus
2398 2288 2636 2354 fructus,
2674 2318 2746 2327 —

284 2388 351 2438 ut
385 2382 450 2437 in
487 2382 668 2438 codem
693 2382 863 2438 simili
898 2382 1096 2450 verser]
1136 2381 1387 2435 stehende
1413 2380 1697 2448 Wendung
1734 2380 1826 2434 wie
1854 2396 2013 2434 unser
2050 2396 2183 2447 „um
2212 2379 2294 2433 bei
2323 2377 2438 2432 dem
2467 2378 2745 2447 (gleichen)

284 2472 436 2525 Bilde
474 2489 537 2524 zu
573 2472 851 2536 bleiben“;
889 2471 1066 2525 simile
1104 2470 1517 2543 substantivisch
1556 2494 1621 2512 =
1662 2473 1693 2537 ἢ
1730 2473 1901 2525 εἰκών.
1974 2469 2155 2523 Durch
2191 2469 2520 2539 konsequent
2555 2467 2745 2522 durch-

292 2561 533 2629 gefiihrte
582 2560 762 2613 Bilder
812 2560 955 2614 weiss
1010 2559 1187 2615 Cicero
1243 2560 1436 2613 seinem
1472 2558 1751 2613 Auedruck
1805 2559 2118 2612 lebensvollo
2155 2558 2622 2612 Auschaulichkeit
2679 2575 2741 2611 zu

287 2649 564 2703 verleihen.
623 2679 688 2688 --
745 2650 990 2704 coetrahit
1026 2647 1190 2717 vitia]
1243 2648 1423 2717 „jatet
1459 2649 1553 2702 das
1590 2648 1898 2702 Unkraut“.
1957 2678 2025 2687 —-
2080 2647 2263 2717 satas]
2312 2665 2354 2701 s,
2406 2665 2470 2700 zu
2516 2649 2547 2717 ἓ
2585 2649 2633 2701 7.
2674 2676 2742 2686 -

289 2755 457 2809 caque
491 2739 730 2793 mandat
766 2739 860 2805 iis]
900 2740 1157 2805 „betraut
1192 2739 1267 2791 sie
1303 2740 1402 2791 mit
1439 2738 1553 2791 dem
1590 2738 1937 2804 (solchem)“;
1988 2738 2197 2791 starker
2234 2737 2363 2790 tritt
2397 2736 2490 2790 der
2539 2736 2742 2804 Begriff

294 2829 385 2881 des
435 2827 997 2881 Dienstverhiiltnisses
1046 2827 1138 2880 des
1186 2827 1393 2880 Bodens
1442 2827 1630 2881 hervor
1680 2827 1737 2879 in
1792 2826 1910 2880 dem
1958 2826 2082 2879 Satz
2140 2826 2231 2879 des
2278 2825 2525 2880 Tacitus:
2583 2867 2614 2892 „
2631 2825 2742 2879 sola

292 2920 462 2970 terrae
500 2898 649 2984 seges
684 2916 1036 2986 imperatur-⁴⁶,
1089 2958 1119 2983 „
1137 2933 1256 2969 man
1294 2920 1378 2969 sat
1414 2915 1552 2970 bloss
1590 2916 1699 2969 und
1737 2916 1829 2969 der
1866 2915 2043 2970 Boden
2079 2916 2219 2969 muse
2257 2917 2490 2984 tragen“
2542 2913 2740 2982 (Germ.

286 3006 373 3072 26,
391 3007 464 3070 8).
484 3035 551 3044 —
571 3006 640 3059 de
660 3005 786 3075 quo]
809 3008 947 3059 statt
974 3023 1087 3075 qua
1115 3005 1181 3058 de
1207 3020 1300 3073 re‚·
1324 3003 1530 3058 Neutra
1557 3005 1658 3058 mit
1685 3005 2078 3075 Prapositionen
2109 3005 2242 3058 auch
2278 3005 2361 3058 bei
2391 3004 2567 3060 Cicero
2594 3004 2746 3058 nicht

288 3096 472 3162 selten,
511 3095 643 3149 doch
679 3095 838 3148 meist
873 3112 971 3149 von
1008 3095 1328 3149 raumlichen
1369 3094 1656 3163 Begriffen3
1692 3095 1798 3162 vgl.
1837 3095 1867 3163 ἓ
1905 3095 1969 3149 5:
2009 3137 2039 3162 ,‚
2056 3094 2216 3148 ducta
2252 3095 2317 3147 ab
2353 3094 2539 3147 humili
2556 3096 2606 3148 “.

288 3257 755 3341 Hauptteil:
802 3254 1323 3339 Widerlegung
1353 3254 1486 3322 der
1514 3253 1803 3321 Thesis:
1852 3254 2057 3338 „Der
2088 3254 2424 3323 Schmerz
2471 3256 2571 3322 ist
2617 3254 2743 3322 das

293 3362 567 3448 griifste
620 3345 882 3431 fibelf‘
974 3364 1011 3445 ξ
1063 3370 1336 3429 14-67
1398 3365 1456 3446 (‚,
1474 3362 1599 3427 Sed
1656 3365 1730 3426 tu
1782 3361 2052 3427 fortasse
2107 3364 2175 3426 in
2231 3364 2549 3428 sententia
2603 3381 2745 3445 per-

1002 3489 1241 3535 manes.
1333 3470 1415 3535 A.
1476 3470 1740 3534 Minime
1786 3470 2027 3553 vero“).

430 3584 536 3639 Zur
569 3591 1016 3648 Diuo-itinn
1052 3586 1143 3640 des
1180 3585 1518 3656 Hauptteils:

316 3690 360 3738 1.
409 3689 649 3751 Prumg
694 3690 787 3738 dor
833 3689 1122 3740 Annichton
1166 3690 1261 3739 dor
1305 3689 1716 3738 vorschiodonon
1751 3687 2331 3744 Philosophum-chalon.
2405 3683 2456 3751 (§
2496 3684 2744 3747 15-33.)

500 3776 552 3839 a)
607 3774 936 3845 Aristipp
972 3775 1081 3828 und
1116 3773 1384 3845 Epikur
1428 3774 1482 3842 (ἓ
1522 3773 1770 3839 15-29)
1817 3803 1885 3812 -
1922 3773 2173 3826 nebenbei
2210 3772 2401 3826 andere
2439 3792 2534 3825 -:
2588 3772 2746 3827 dolor

606 3880 878 3918 summum
911 3864 1134 3932 malum,
1173 3864 1271 3916 mit
1307 3863 1400 3916 der
1425 3862 1644 3930 Einlage
1681 3863 1774 3916 der
1800 3862 1915 3916 eine
1942 3861 2142 3930 gleiclie
2170 3861 2449 3916 Schwache
2485 3862 2743 3930 (imbecil-

608 3954 762 4022 litas)
796 3952 1136 4006 verratenden
1174 3952 1737 4005 Dichterstellen
1775 3951 1831 4019 (ἓ
1869 3951 2127 4016 19-28);

505 4041 562 4106 b)
611 4041 922 4095 Stoiker:
970 4041 1091 4095 kein
1126 4031 1286 4107 Ubel,
1334 4041 1458 4094 aber
1492 4040 1840 4107 naturwidrig
1875 4040 2414 4114 (ἀποπροηγμένον);
2466 4040 2579 4093 ihre
2616 4056 2744 4096 con-

610 4131 993 4186 clusiunculae
1027 4147 1146 4184 vom
1181 4129 1456 4199 allgemein
1494 4130 1878 4183 menschlichen
1916 4129 2261 4200 Standpunkt
2294 4129 2581 4197 kritisiert;

501 4221 549 4285 c)
603 4218 1118 4291 Peripatetiker:
1158 4219 1314 4290 Quae
1340 4225 1553 4274 natura
1579 4225 1924 4289 aspernetwr,
1963 4220 2028 4273 in
2063 4219 2226 4274 malis
2263 4235 2399 4286 σωκ
2437 4218 2569 4272 doch
2596 4218 2745 4272 iiber-
2856 4228 2863 4233 '

607 4309 766 4378 wiegt
795 4310 894 4363 'die
938 4309 1155 4379 Tugend
1204 4309 1334 4363 alles
1384 4308 1556 4376 (libra
1592 4308 1881 4376 Critolai);
1933 4308 2240 4363 Verbaltnis
2288 4326 2388 4362 von
2435 4307 2591 4363 dolor
2634 4307 2745 4361 und
