3221 4850
1238 355 1353 409 Lib.
1390 356 1463 424 11,
1501 371 1547 409 ο.
1585 357 1816 411 21—22.
2661 352 2761 413 153

517 518 783 596 Molli,
831 519 971 601 qui
1018 518 1465 583 consuetus
1512 518 1590 582 in
1640 518 1883 582 armis

517 630 815 690 Aevom
863 625 1101 708 agere
1150 673 1404 689 ......

304 768 633 850 Intellegit
677 770 866 851 poeta
911 768 1190 852 prudens
1250 768 1495 833 ferendi
1553 767 1788 833 doloris
1854 766 2377 833 consuetudinem
2436 786 2574 832 esse
2633 787 2760 831 non

307 875 837 941 contemnendam
882 875 1278 957 magistram.
1368 877 1581 957 Atque
1628 875 1736 940 ille
1782 893 1910 938 non
1953 873 2372 939 immoderate
2416 892 2649 957 magno
2693 874 2760 938 in
2781 892 2845 934 ιο

308 981 556 1047 dolore:

522 1107 947 1186 Retinete,
992 1108 1305 1172 tenete!
1355 1107 1749 1190 opprimit
1792 1108 2066 1182 uleus3

521 1213 873 1279 Nudate!
919 1214 1075 1279 heu
1120 1214 1508 1278 miserum
1552 1214 1708 1278 me!
1759 1212 2200 1279 excrucior.

305 1356 539 1440 Ineipit
583 1357 729 1435 labi,
777 1357 1001 1421 deinde
1044 1357 1191 1422 ilico
1238 1356 1502 1422 desinit:

524 1480 895 1564 Operite,
942 1482 1403 1559 abscedite,
1450 1480 1606 1546 iam
1653 1481 1991 1546 tandem

525 1587 884 1663 Mittite3
929 1607 1108 1652 nam
1157 1590 1635 1653 attrectatu
1682 1587 1763 1653 et
1808 1606 2117 1670 quassu

619 1694 962 1760 Saevum
1013 1694 1569 1778 Amplifioatis
1616 1694 1998 1760 dolorem.

312 1844 612 1924 Videsne,
658 1848 735 1909 ut
780 1848 1173 1912 obmutuerit
1215 1867 1343 1912 non
1389 1847 1653 1912 sedatus
1702 1848 1995 1931 eorporis,
2044 1846 2153 1911 sed
2186 1847 2538 1928 castigatus
2571 1844 2768 1909 animi

315 1950 531 2016 dolor?
622 1952 854 2034 Itaque
910 1954 978 2017 in
1037 1955 1334 2019 extremis
1380 1954 1629 2038 Niptris
1693 1954 1848 2019 alios
1915 1973 2165 2036 quoque
2226 1954 2520 2034 obiurgat
2577 1951 2767 2033 idque

315 2076 625 2123 monens:

531 2183 951 2267 Conqueri
1035 2185 1448 2251 fortunam
1534 2187 2003 2263 adversam,
2085 2186 2241 2250 non
2325 2180 2772 2247 lamentari

1816 2293 2070 2357 decet

528 2376 619 2464 I'd
667 2399 823 2463 viri
869 2401 995 2465 est
1039 2399 1440 2479 officium,
1500 2400 1759 2465 fletus
1805 2400 2188 2465 muliebri
2247 2399 2576 2482 ingenio
2637 2395 2775 2462 sd-

1810 2508 2060 2572 ditus.

316 2640 528 2706 Huius
577 2643 773 2707 animi
816 2661 965 2725 pars
1011 2643 1124 2707 illa
1180 2643 1430 2707 mollior
1496 2643 1731 2706 rationi
1792 2643 1883 2707 sio
1924 2642 2184 2725 paruit,
2247 2642 2325 2704 ut
2384 2657 2601 2703 severo
2658 2638 2777 2702 im-

320 2749 602 2831 peratori
647 2749 833 2813 miles
878 2750 1144 2832 pudens.

502 2864 579 2927 In
628 2883 752 2946 quo
798 2883 947 2929 vero
995 2865 1115 2929 erit
1159 2864 1440 2948 perfecta
1486 2865 1798 2948 sapientia
1843 2866 2060 2949 (quem
2108 2864 2315 2929 adhue
2359 2882 2473 2928 nos
2521 2860 2778 2945 quidem
2796 2853 2882 2916 2²

322 2970 597 3035 vidimus
644 2972 1000 3047 neminem3
1048 2972 1159 3036 sed
1191 2972 1710 3055 philosophorum
1743 2972 2093 3049 sententiiS,
2140 2971 2353 3053 qualis
2383 2972 2487 3035 hio
2517 2970 2778 3034 futurus
2800 2939 2862 2982 ⁸¹

323 3079 439 3156 sit,
501 3078 553 3142 si
598 3078 784 3143 modo
832 3079 1172 3161 aliquando
1218 3079 1442 3156 fuerit,
1501 3079 1892 3165 exponitur),
1951 3080 2005 3143 is
2053 3079 2250 3162 igitur
2296 3078 2427 3143 sive
2475 3098 2552 3143 ea
2596 3078 2778 3155 rati0,

323 3343 551 3414 Aevom]
602 3369 667 3388 =
707 3361 905 3400 aevum
943 3370 1007 3389 =
1046 3346 1237 3400 vitam.
1287 3375 1355 3385 —
1405 3345 1589 3415 agere]
1640 3345 1746 3398 Der
1781 3343 1905 3398 Satz
1954 3346 2030 3399 ist
2075 3363 2138 3399 zu
2188 3345 2465 3400 schliessen
2501 3347 2636 3398 etwa
2681 3344 2781 3398 mit

325 3434 464 3489 adeo
499 3435 836 3490 lamentaris.

474 3547 555 3586 to.
610 3534 876 3602 opprimit
927 3533 1110 3602 ulcus]
1169 3575 1200 3599 ,‚
1213 3533 1295 3586 ich
1351 3533 1543 3601 erliege
1598 3533 1692 3586 der
1743 3533 2058 3599 (eiternden)
2107 3532 2376 3587 Wunde“.
2428 3562 2490 3571 -
2550 3532 2779 3601 operite]

328 3621 621 3690 Gegensatz
658 3639 722 3675 zu
756 3621 983 3676 madata.
1017 3652 1078 3659 —
1108 3622 1333 3689 mittite]
1366 3663 1397 3688 ‚‚
1412 3621 1541 3675 lasst
1568 3621 1748 3688 (mich)
1774 3622 1854 3675 los
1870 3623 1929 3688 “;
1958 3622 2176 3675 beachte
2203 3621 2455 3691 operit&
2496 3646 2560 3665 =
2588 3645 2634 3671 υ
2650 3645 2695 3671 υ
2710 3632 2781 3688 3.,

326 3711 530 3765 mittite
568 3735 633 3753 =
675 3750 714 3759 .-
730 3717 776 3760 ύ
790 3733 850 3765 υ.
888 3741 955 3750 -
996 3710 1256 3778 ἅοῑόνεηι]
1306 3711 1414 3765 Der
1449 3710 1581 3764 Vers
1628 3711 1702 3764 ist
1755 3712 1839 3764 ein
1887 3711 2241 3766 Pariimiakus.
2299 3741 2366 3750 —
2430 3711 2661 3766 Videsne
2698 3750 2744 3765 ..
2767 3753 2780 3765 .

330 3799 507 3867 dolor]
555 3841 587 3866 ‚‚
603 3799 782 3853 Siehst
816 3800 887 3853 du
903 3841 917 3866 ,
969 3801 1063 3853 wie
1114 3803 1429 3854 verstummt
1472 3800 1548 3853 ist
1583 3799 1733 3853 nicht
1770 3800 1863 3853 der
1898 3799 2330 3870 Korperschmerz
2365 3801 2597 3866 gestillt,
2649 3800 2783 3854 wohl

328 3889 454 3942 aber
507 3888 600 3942 der
652 3887 1066 3942 Seelensehmerz
1122 3889 1591 3957 znreehtgewiesen
1605 3890 1656 3944 “.
1712 3918 1781 3927 —
1837 3889 2131 3959 Conqueri]
2196 3891 2523 3943 trochaisohe
2577 3890 2784 3944 Sieben·

327 3976 527 4032 ftissler.
573 4006 634 4015 —
671 3978 895 4046 inqenio
932 3977 1187 4046 additus]
1227 4020 1259 4045 „
1270 3979 1388 4031 dem
1415 3977 1606 4032 Wesen
1633 3978 1843 4045 eigen“.
1893 3978 2014 4046 Vgl.
2035 3979 2156 4033 Tac.
2186 3976 2359 4033 Germ.
2388 3995 2432 4033 e.
2461 3979 2557 4032 27:
2600 3979 2784 4045 „femi-

330 4067 414 4120 nis
448 4067 628 4134 lugere
664 4067 940 4120 honestum
978 4069 1078 4134 est,
1118 4067 1242 4121 viris
1277 4068 1574 4121 meminisse
1585 4069 1636 4121 “.
1675 4097 1743 4106 -—
1774 4067 2018 4136 pudens]
2059 4067 2462 4135 „ehrliebend“.

473 4206 626 4275 Kal).
658 4207 763 4266 22.
835 4223 861 4261 5
878 4222 917 4263 ἱ.
955 4208 1199 4263 vidimus
1232 4207 1525 4277 neminem]
1564 4213 1658 4262 wie
1686 4208 1949 4263 Antonius
1975 4210 2076 4277 (De
2103 4209 2201 4276 or.)
2228 4213 2373 4277 sagt:
2412 4210 2785 4279 „eloquentem

332 4313 388 4350 se
415 4296 607 4350 vidisse
636 4297 889 4350 neminem
906 4297 955 4351 “.
1005 4296 1078 4350 Es
1106 4298 1338 4351 schwebt
1375 4315 1473 4350 uns
1501 4298 1584 4351 ein
1614 4297 1760 4350 Ideal
1788 4314 1878 4350 vor
1915 4297 2308 4366 (obversawr);
2345 4298 2459 4352 eine
2494 4298 2785 4367 geschicht-

330 4385 467 4439 liche
503 4385 915 4440 Persfinlichkeit
949 4387 1155 4441 konnen
1192 4387 1287 4441 wir
1321 4387 1470 4441 nicht
1505 4387 1586 4440 als
1624 4386 1826 4440 solehes
1850 4386 2118 4440 anfiihren.
2160 4415 2225 4424 -
2264 4387 2316 4442 is
2341 4387 2541 4456 ἐρίων]
2571 4388 2666 4441 wie
2693 4388 2787 4441 wir
