3221 4850
1241 333 1355 388 Lib.
1394 334 1438 402 Ι,
1476 350 1521 389 ο.
1557 335 1788 390 32-33.
2677 330 2748 390 81

285 517 461 576 esse,
525 499 600 561 ut
643 515 759 579 ego
817 516 921 561 me
982 495 1331 561 tardiorem
1391 514 1530 562 esse
1584 515 1713 561 non
1757 496 2025 560 moleste
2083 494 2304 560 feram.
2394 495 2751 560 Enumerat
2835 524 2840 527 ·

290 606 546 682 multos,
589 603 783 686 idque
817 604 1000 686 quasi
1046 605 1310 680 constet,
1357 604 1689 680 rationem,
1735 622 1850 667 cur
1893 603 1989 667 ita
2018 601 2150 680 fiat,
2197 600 2421 666 adfert.
2507 600 2750 681 Quodsi

290 713 476 776 tanta
541 711 638 775 vis
707 713 808 775 est
884 709 966 774 ad
1034 709 1326 774 habitum
1394 710 1630 774 mentis
1699 709 1767 773 in
1833 709 1911 772 iis
1930 757 1947 786 ‚
2022 726 2186 791 quae
2256 708 2607 791 gIgnuntur
2680 708 2748 771 in

290 836 548 901 corpore
608 816 711 900 (ea
770 818 924 880 sunt
983 817 1230 893 autem,
1293 834 1733 898 quaecumque
1794 817 1977 893 sunt,
2044 833 2206 897 quae
2268 814 2750 879 similitudinem

292 923 582 1008 faciant),
628 923 789 987 nihil
831 923 1232 988 necessitatis
1281 921 1511 1000 adfert,
1557 942 1671 987 cur
1716 924 2065 987 nascantur
2110 922 2307 986 animi
2321 968 2338 1000 ,
2386 920 2751 986 similitudo.

292 1030 537 1096 Omitto
570 1029 1136 1094 dissimilitudines.
1203 1028 1456 1093 Vellem
1488 1028 1712 1093 adesse
1741 1031 1960 1112 posset
1987 1028 2334 1094 Panaetius
2381 1028 2565 1112 (vixit
2603 1047 2750 1092 cum
2772 1048 2833 1093 ει

294 1137 643 1217 Africano),
693 1154 1062 1218 quaererem
1111 1155 1186 1201 ex
1233 1154 1335 1213 ee,
1381 1136 1564 1201 cuius
1614 1154 1877 1199 suorum
1924 1135 2149 1199 similis
2195 1134 2428 1200 fuisset
2470 1133 2753 1199 Africani

293 1244 511 1308 fratris
556 1262 772 1327 nepos,
817 1241 976 1307 facie
1023 1243 1125 1306 vel
1169 1242 1389 1325 patris,
1436 1243 1568 1307 vita
1615 1242 1901 1305 omnium
1929 1241 2325 1325 perditorum
2368 1242 2464 1305 ita
2509 1241 2754 1318 similia

295 1353 371 1415 ut
416 1353 588 1415 esset
631 1348 815 1414 facile
863 1349 1278 1424 deterrimus;
1340 1349 1520 1413 cuius
1577 1349 1776 1413 etiam
1830 1348 2056 1412 similis
2101 1347 2174 1412 P.
2220 1346 2469 1424 Crassi,
2529 1349 2595 1412 et
2653 1365 2755 1411 sa-

297 1459 528 1541 pientis
605 1460 672 1521 et
746 1456 1100 1538 eloquentis
1179 1458 1246 1521 et
1319 1456 1508 1539 primi
1596 1455 1872 1519 hominis
1895 1503 1911 1532 ‚
2000 1473 2198 1538 nepos
2275 1455 2753 1536 multorumque

297 1564 569 1628 aliorum
615 1563 932 1628 clarorum
976 1563 1258 1627 virorum
1273 1609 1288 1640 ,
1349 1580 1508 1643 quos
1565 1561 1725 1625 nihil
1785 1562 2018 1626 attinet
2074 1561 2402 1626 nominare
2417 1608 2435 1640 ‚
2491 1562 2754 1644 nepotes

298 1673 367 1735 et
410 1669 540 1733 filii.

481 1776 606 1841 Sed
655 1776 806 1858 quid
867 1777 1167 1858 agimus?
1227 1775 1486 1840 oblitine
1547 1793 1772 1839 sumus
1829 1774 1978 1839 hoc
2032 1793 2244 1838 nunc
2297 1773 2533 1838 nobis
2581 1791 2756 1837 esse

301 1884 848 1966 propositum,
894 1902 1043 1947 cum
1075 1882 1232 1947 satis
1266 1881 1343 1947 de
1375 1883 1756 1946 aeternitate
1789 1880 2187 1957 dixissemus,
2230 1899 2328 1944 ne
2375 1879 2447 1944 si
2491 1880 2760 1944 inter-

301 1991 524 2063 irent
571 1989 892 2070 quidem
940 1989 1219 2066 animi,
1268 1989 1701 2071 quicquam
1746 1988 1942 2051 mali
1988 2006 2162 2051 esse
2208 1988 2290 2050 in
2335 1988 2640 2050 morte?

482 2095 564 2159 A.
635 2095 770 2177 Ego
830 2113 977 2160 vero
1038 2095 1455 2160 memineram
1469 2142 1486 2171 ‚
1555 2094 1670 2158 sed
1725 2097 1791 2160 te
1851 2092 1928 2158 de
1998 2094 2377 2158 aeternitate
2444 2093 2761 2157 dicentem

300 2203 598 2266 aberrare
647 2220 684 2265 a
730 2201 1049 2285 proposito
1096 2199 1281 2266 facile
1326 2201 1633 2284 patiebar.

2653 2308 2720 2350 s

303 2448 442 2502 nach
478 2449 579 2516 ΙΙΙ,
620 2453 685 2505 11
725 2448 863 2503 auch
900 2449 994 2502 auf
1030 2448 1115 2501 die
1153 2446 1387 2501 unedlen
1421 2447 1564 2502 Teile
1601 2448 1700 2501 der
1735 2445 1904 2501 Seele.
1945 2478 2013 2486 —
2051 2446 2379 2516 tardionom]
2420 2445 2764 2515 „langsamer

306 2563 371 2581 =
410 2538 585 2607 wenig
620 2538 965 2606 geistreich“,
1003 2536 1109 2606 vgl.
1149 2554 1216 2590 zu
1252 2538 1283 2606 ξ
1320 2538 1405 2592 70.
1445 2567 1514 2575 --
1549 2553 1665 2589 lnon
1698 2536 1911 2589 moleste
1943 2535 2143 2605 feram]
2174 2560 2240 2579 =
2267 2534 2435 2603 facile
2462 2534 2671 2604 patiar.
2694 2566 2764 2576 —

300 2627 470 2695 quasi
505 2630 722 2696 constet]
763 2626 885 2695 „als
933 2626 1126 2680 stiinde
1173 2641 1230 2679 es
1276 2626 1408 2692 fest,
1459 2629 1602 2679 ware
1639 2626 1804 2678 daran
1849 2624 2000 2678 nicht
2036 2641 2102 2678 zu
2150 2624 2458 2679 zweifeln“.
2511 2656 2580 2664 -
2628 2642 2765 2693 quae

297 2714 609 2783 yiqmmtur
643 2715 709 2768 in
745 2716 983 2784 corpore]
1023 2730 1166 2781 „was
1203 2714 1258 2766 in
1296 2715 1424 2782 (und
1461 2714 1578 2782 mit)
1616 2714 1740 2768 dem
1774 2713 1906 2767 Leib
1945 2715 2163 2783 erzeugt
2198 2713 2332 2768 wird
2346 2715 2394 2768 “.

454 2815 536 2859 81.
583 2803 782 2857 Omitto
808 2802 1312 2872 dissimilitudines]
1344 2802 1540 2869 „nieht
1566 2820 1635 2856 zu
1661 2803 1824 2857 reden
1851 2819 1957 2856 von
1995 2843 2007 2855 .
2031 2843 2042 2856 .
2066 2805 2141 2870 .“;
2177 2802 2264 2856 die
2292 2802 2455 2872 Figur
2481 2803 2578 2856 der
2604 2804 2764 2857 Prae-

306 2891 485 2946 teritio
523 2895 640 2961 (ἒῶ,
680 2893 1041 2965 παραλείπω).
1096 2923 1163 2931 -
1210 2892 1350 2945 vixit
1394 2894 1540 2962 cum]
1581 2908 1727 2960 „war
1762 2891 2140 2959 befreundet“,
2186 2892 2469 2945 coniuncte
2502 2892 2657 2946 vixit
2697 2923 2764 2932 -—

303 2980 469 3035 cuius
504 2982 754 3051 suorum]
793 2998 966 3049 „wem
1002 2997 1110 3034 von
1147 2980 1335 3034 seinen
1369 2981 1791 3035 Verwandten“.
1832 3012 1900 3021 —
1936 2980 2231 3050 Africani]
2313 3037 2319 3042 ,

621 3070 759 3138 Scip.
798 3070 966 3124 Afric.
1005 3069 1173 3123 maior
1922 3069 2116 3123 Fabius
2152 3069 2330 3151 Labeo

489 3176 550 3230 P.
581 3176 735 3232 Corn.
767 3176 941 3244 Scipio
979 3175 1294 3245 (kranklich)
1646 3141 2609 3247 Q

765 3247 1028 3315 adoptiert
1636 3247 1698 3313 Q.
1717 3247 1978 3301 Aemilius
2007 3248 2224 3302 Paullus
2245 3249 2371 3318 (den
2399 3248 2606 3301 Bruder

643 3353 931 3408 Africanus
967 3355 1156 3421 minor,
1911 3319 2004 3372 des
2041 3320 2348 3388 Afficanus)

408 3425 515 3478 den
553 3424 698 3478 Sohn
730 3426 827 3478 des
863 3425 1124 3479 Aemilius
1162 3422 1380 3479 Paullus
1721 3442 1782 3508 Q·
1821 3442 1947 3496 Fab·
1987 3390 2134 3497 Max}
2166 3443 2535 3512 Ajlobrogicus

1559 3550 1657 3603 der
1687 3550 1978 3619 Wiistling‚
2016 3552 2176 3604 unter
2211 3550 2438 3603 Kuratel
2471 3549 2698 3618 gestellt.

312 3637 394 3690 vel
420 3636 627 3705 patris]
669 3635 879 3704 „selbst
914 3636 1117 3691 seinem
1155 3639 1380 3692 Vater“.
1417 3668 1489 3677 —
1529 3638 1696 3706 facile
1729 3639 2072 3709 deterrimus]
2112 3638 2318 3707 „leicht
2353 3638 2474 3707 (mit
2506 3638 2772 3708 Leichtig-

315 3725 443 3792 keit)
472 3725 570 3779 der
597 3724 979 3793 Schlechteste‚
1016 3727 1281 3795 geradezu
1308 3726 1396 3781 ein
1421 3727 1681 3781 Ausbund
1708 3728 1804 3782 der
1831 3727 2305 3796 Schlechtigkeit“.
2344 3757 2414 3767 -
2449 3727 2513 3781 P.
2552 3727 2773 3797 Orassi]

314 3813 551 3868 Licinius
589 3814 811 3868 Crassus
847 3814 1012 3868 Dives
1040 3815 1436 3885 (Lusitanicus),
1473 3816 1679 3870 Konsul
1718 3818 1787 3873 95
1815 3834 1867 3870 v,
1897 3816 2039 3883 Ohr.,
2076 3817 2174 3870 der
2209 3815 2475 3885 vielseitig
2508 3816 2774 3886 gebildete

314 3903 533 3956 Redner
576 3904 677 3972 (De
715 3903 813 3972 or.)
829 3944 842 3969 ‚
891 3903 1194 3958 hinterliel's
1244 3904 1376 3958 zwei
1412 3903 1619 3972 8611116,
1668 3907 1774 3959 den
1809 3905 2099 3973 Triumvir,
2150 3905 2248 3959 der
2296 3905 2384 3959 bei
2418 3904 2631 3960 Karrha
2678 3903 2777 3960 fiel

316 3993 410 4060 (53
437 4008 488 4044 v.
518 3990 681 4059 Chr),
718 3992 830 4045 und
866 3992 1027 4046 einen
1064 3992 1301 4047 anderen
1331 3993 1569 4063 Publius,
1608 3995 1801 4048 dessen
1837 3994 2177 4049 miseratener
2204 3993 2350 4048 Sohn
2384 3994 2504 4047 hier
2540 3994 2778 4048 erwahnt

315 4080 466 4133 wird.
540 4080 695 4133 Auch
732 4096 856 4133 vom
892 4080 1159 4134 'triumvir
1193 4084 1311 4150 sagt
1346 4082 1558 4137 Cicero:
1608 4083 1793 4151 „male
1828 4083 2133 4137 audiebat“.
2182 4115 2251 4122 —
2290 4082 2478 4152 primi
2508 4082 2774 4151 hmninis]

318 4173 541 4241 πρώτου
567 4171 796 4241 ἀνδρόςς
825 4171 973 4222 sonst
1001 4169 1244 4225 iiblicher
1251 4170 1526 4240 princeps.
1556 4203 1626 4211 -
1653 4172 1806 4226 nihil
1830 4172 2042 4241 attinet]
2064 4171 2301 4239 „keinen
2320 4171 2506 4225 Zweok
2533 4171 2686 4224 hat“.
2708 4201 2776 4210 -
2885 4231 2890 4234 ,

319 4258 426 4312 Sed
458 4257 594 4327 quid
626 4258 867 4327 aqimus]
905 4258 974 4312 So
1010 4257 1145 4312 wird
1181 4260 1279 4312 der
1313 4248 1667 4329 Ubergang
1703 4263 1753 4330 (ξ
1793 4261 2041 4329 76-82)
2080 4259 2159 4314 als
2194 4260 2506 4329 Digression
2541 4258 2775 4328 gekenn-

319 4346 579 4400 zeichnet.
618 4378 687 4386 —
717 4347 1081 4416 propositum]
1122 4387 1153 4415 „
1165 4347 1364 4401 Thema
1374 4350 1422 4401 “.

426 4435 532 4491 C1o.
561 4436 713 4492 Tusc.
741 4453 1003 4492 msrunr.
1057 4453 1095 4493 1.
1123 4453 1181 4491 11.
1255 4437 1297 4492 Ι.
2316 4440 2350 4492 6
