3221 4850
471 255 584 315 120
1270 253 1687 310 Tusculanarum
1723 253 2138 323 disputationum

476 419 734 502 praeter
778 435 928 482 suos
977 417 1319 500 quisquam
1372 416 1436 481 in
1500 435 1734 482 manus
1796 417 2022 494 sumit,
2082 416 2174 481 sic
2228 415 2347 480 hos
2392 415 2656 480 Latinos
2713 415 2761 479 ii
2823 415 2973 480 soli

476 525 720 608 legunt,
768 524 879 606 qui
923 524 1037 588 illa
1080 525 1255 589 recte
1302 523 1425 589 dici
1468 525 1721 607 putant.
1810 523 2009 588 Nobis
2056 524 2273 588 autem
2320 521 2586 599 videtur,
2634 521 2965 604 quioquid

476 630 710 696 litteris
756 629 1115 709 mandetur,
1162 630 1229 694 id
1277 629 1711 695 commendari
1755 630 2042 695 omnium
2088 629 2484 694 eruditorum
2527 629 2785 694 lectioni
2833 628 2971 693 de-

480 756 655 812 cere;
716 756 861 815 nec,
922 736 979 802 si
1022 737 1089 802 id
1133 737 1257 821 ipsi
1301 737 1515 801 minus
1562 736 1865 819 consequi
1909 754 2276 820 possumne,
2335 735 2567 801 idcirco
2612 735 2828 800 minus
2879 734 2961 798 ia

432 862 459 905 ο
478 845 573 909 ita
616 844 978 909 faciendum
1025 862 1166 909 esse
1213 844 1543 909 sentimus.
1623 843 1853 927 Itaque
1897 843 2057 907 mihi
2087 861 2338 926 semper
2366 841 2959 925 Peripateticorum

479 951 989 1032 Academiaeque
1037 950 1428 1015 consuetudo
1485 950 1562 1015 de
1608 950 1902 1015 omnibus
1956 949 2149 1014 rebus
2203 949 2270 1013 in
2325 948 2675 1014 contrarias
2721 951 2967 1031 partes

481 1056 835 1122 disserendi
890 1076 1018 1121 non
1078 1056 1155 1122 ob
1216 1075 1359 1121 eam
1418 1075 1680 1122 oausam
1739 1057 1947 1121 solum
2006 1055 2276 1139 placuit,
2337 1055 2509 1138 quod
2568 1056 2756 1120 aliter
2811 1074 2961 1120 non

480 1166 728 1248 posset,
788 1164 942 1246 quid
997 1164 1065 1227 in
1113 1181 1363 1246 quaque
1407 1182 1477 1228 re
1523 1163 1658 1228 veri
1702 1163 1908 1228 simile
1965 1165 2161 1241 esset,
2222 1162 2516 1239 inveniri,
2575 1161 2688 1226 sed
2743 1161 2957 1227 etiam

486 1271 653 1352 quod
701 1272 871 1335 esset
917 1289 993 1336 ea
1036 1270 1314 1335 maxima
1358 1270 1607 1335 dicendi
1653 1269 2033 1335 exercitatio.
2114 1268 2257 1349 Qua
2302 1270 2593 1352 princeps
2639 1287 2795 1332 usus
2841 1270 2968 1332 est

481 1376 889 1456 Aristoteles,
939 1376 1167 1442 deinde
1225 1395 1372 1441 eum
1420 1376 1530 1459 qui
1577 1376 1783 1442 secuti
1828 1378 1999 1442 sunt.
2091 1376 2330 1440 Nostra
2375 1376 2593 1439 autem
2637 1375 2968 1439 memoria

482 1483 686 1562 Philo,
733 1503 927 1566 quem
970 1503 1087 1549 nos
1134 1483 1501 1566 frequenter
1548 1483 1926 1561 audivimus,
1972 1482 2257 1547 instituit
2301 1481 2424 1546 alio
2470 1483 2753 1565 tempore
2798 1481 2967 1545 rhe-

484 1593 697 1656 torum
742 1594 1084 1675 praecepta
1127 1590 1405 1669 tradere,
1464 1591 1587 1655 alio
1632 1591 2187 1675 philosophorum3
2249 1588 2330 1653 ad
2388 1606 2581 1670 quam
2636 1606 2750 1652 nos
2799 1607 2966 1653 con-

488 1697 896 1762 suetudinem
944 1716 981 1762 a
1026 1697 1445 1762 familiaribus
1492 1697 1728 1762 nostris
1775 1697 2035 1762 adducti
2078 1696 2145 1760 in
2192 1696 2568 1773 Tusculano,
2616 1695 2785 1777 quod
2834 1693 2967 1759 da-

489 1806 630 1868 tum
676 1805 776 1868 est
822 1804 1127 1887 temporis
1182 1803 1394 1881 nobis,
1452 1804 1517 1868 in
1577 1822 1651 1869 eo
1698 1804 2229 1887 consumpsimus.
2318 1803 2550 1885 Itaque
2598 1820 2746 1867 cum
2794 1803 2967 1867 ante

485 1910 815 1975 meridiem
864 1910 1127 1975 dictioni
1173 1929 1428 1994 operam
1461 1910 1874 1987 dedissemus,
1921 1911 2090 1976 sicut
2134 1909 2335 1994 pridie
2379 1909 2752 1987 feceramuS,
2800 1911 2968 1992 post

486 2017 819 2082 meridiem
865 2017 933 2081 in
964 2018 1377 2082 Academiam
1409 2017 1888 2093 descendimus;
1934 2018 2001 2081 in
2050 2034 2176 2099 qua
2223 2016 2719 2099 disputationem
2764 2016 2964 2081 habi-

412 2169 420 2176 -
488 2127 622 2189 tam
679 2143 805 2189 non
856 2124 1041 2206 quasi
1086 2127 1420 2189 narrantes
1468 2125 1867 2208 exponimUS,
1928 2124 2037 2189 sed
2094 2123 2334 2188 eisdem
2388 2122 2519 2187 fere
2575 2124 2811 2201 verbis,
2873 2126 2969 2186 ut

490 2233 707 2296 actum
757 2231 1281 2314 disputatumque
1330 2235 1445 2296 est.

492 2497 586 2551 der
610 2496 1087 2566 Lieblingsschfilor
1111 2496 1356 2567 Epikurs‚
1398 2496 1530 2550 wohl
1566 2513 1663 2549 aus
1699 2495 1894 2562 Athen,
1927 2496 2076 2549 starb
2108 2496 2277 2564 einige
2302 2495 2338 2550 J
2339 2496 2466 2549 ahre
2491 2513 2584 2550 vor
2609 2495 2726 2549 dem
2753 2495 2968 2549 Isehrer

488 2587 578 2653 (27
584 2587 616 2640 7
635 2604 684 2640 v.
705 2584 877 2652 Chr.);
907 2603 1007 2640 von
1026 2586 1200 2640 seinen
1222 2585 1545 2639 zahlreichen
1566 2584 1827 2638 Schrilten
1846 2586 1921 2637 ist
1940 2584 2123 2652 wenig,
2142 2585 2250 2638 und
2270 2601 2406 2638 zwar
2421 2602 2524 2638 nur
2540 2585 2596 2638 in
2613 2584 2968 2638 veranderter

490 2674 832 2743 Wiedergabe
869 2675 1125 2729 erhalten.
1201 2674 1319 2743 Vgl.
1357 2674 1421 2739 V,
1459 2674 1553 2728 27:
1609 2673 1793 2740 „idem
1830 2672 2132 2727 melioribus
2169 2673 2330 2727 etiam
2376 2673 2546 2727 verbis
2583 2673 2918 2727 Metrodorus
2936 2692 2965 2726 t

493 2761 779 2834 ,Occupavi
800 2767 871 2830 te,
899 2763 1091 2834 inquit,
1128 2763 1388 2818 Fortuna‘
1417 2763 1573 2817 etc.“.
1610 2793 1680 2801 —
1719 2763 1963 2816 omnium
1991 2762 2338 2816 eruditorum
2366 2763 2609 2830 lectioni]
2641 2746 2820 2829 „allen
2851 2759 2965 2816 Ge-

491 2852 727 2907 bildeten
764 2869 881 2906 zum
916 2852 1082 2907 Leaen
1099 2855 1149 2907 “.

638 2953 683 2995 9.
740 2941 966 2997 dicendi
1013 2942 1336 2998 exercitatio
1375 2982 1388 2995 .
1409 2983 1421 2994 .
1442 2983 1455 2995 .
1492 2941 1839 3008 Aristoteles]
1887 2958 1930 2994 s.
1982 2957 2046 2993 zu
2094 2940 2149 3006 1,
2188 2941 2238 2994 7.
2312 2941 2422 2994 Das
2470 2939 2577 2994 Fer
2624 2940 2730 2994 und
2770 2939 2964 2993 Wider·

489 3031 804 3098 abzuwagen
843 3048 948 3084 war
984 3031 1144 3085 sehon
1180 3031 1264 3084 bei
1301 3029 1454 3083 Plato
1492 3030 1598 3083 und
1636 3030 1734 3083 den
1774 3030 1975 3083 ἔλθοι-θη
2005 3028 2347 3082 Sokratikern
2374 3029 2600 3083 Branch.
2658 3029 2779 3082 Man
2809 3029 2961 3083 sieht

490 3120 621 3186 hier,
662 3120 755 3172 wie
793 3119 925 3172 auch
961 3120 1053 3173 der
1080 3118 1324 3173 Advokat
1350 3117 1527 3172 Cicero
1554 3119 1610 3172 in
1640 3118 1732 3171 der
1758 3118 2093 3188 Philosophie
2120 3118 2214 3171 auf
2237 3119 2378 3172 scine
2405 3118 2695 3187 Reehnung
2721 3118 2858 3172 kam.
2882 3147 2957 3157 ——

492 3207 681 3275 Philo]
720 3224 816 3260 aus
838 3207 1019 3260 Larisa
1044 3207 1375 3274 (Larisaeus),
1403 3205 1621 3259 Schfiler
1647 3205 1739 3259 des
1767 3205 2141 3273 Clitomachus,
2178 3206 2371 3260 Lehrer
2407 3206 2501 3260 des
2526 3206 2819 3261 Antiochus
2847 3224 2955 3261 von

493 3296 741 3363 Askalon,
779 3296 871 3348 der
906 3296 1031 3349 aber
1068 3295 1285 3349 vielfach
1321 3312 1418 3348 von
1456 3295 1566 3349 ihm
1602 3295 1819 3350 abwich.
1883 3295 2061 3350 Cicero
2097 3296 2250 3349 horte
2277 3296 2368 3349 ihn
2398 3296 2466 3349 87
2499 3314 2545 3349 v.
2574 3294 2695 3350 Chr.
2714 3296 2769 3348 in
2795 3295 2955 3364 Rom,

496 3388 676 3455 spater
712 3385 766 3438 in
803 3384 995 3439 Athen.
1069 3384 1263 3438 Ausser
1296 3384 1352 3437 in
1382 3384 1474 3438 der
1509 3384 1854 3452 Verbindung
1887 3402 1988 3438 von
2015 3384 2350 3454 Philosophie
2387 3383 2496 3438 und
2524 3384 2777 3438 Rhetorik
2813 3384 2958 3451 folgt.

494 3474 604 3528 ihm
642 3472 819 3528 Cicero
864 3474 921 3527 in
968 3474 1060 3527 der
1096 3471 1460 3541 Verwendung
1509 3489 1608 3526 von
1658 3472 2076 3527 Dichterzitaten
2124 3473 2178 3540 (ἓ
2215 3473 2306 3540 26)
2322 3514 2334 3538 ,
2389 3473 2524 3527 wohl
2569 3473 2704 3525 auch
2752 3474 2807 3526 in
2855 3472 2953 3526 der

498 3562 871 3631 Verurteilung
906 3562 999 3616 des
1044 3561 1437 3633 epikureischen
1488 3561 1621 3615 Stils
1671 3562 1772 3630 (De
1808 3565 1919 3616 nat.
1957 3562 2096 3616 deor.
2134 3561 2176 3629 Ι,
2216 3562 2358 3627 113).
2432 3561 2497 3615 In
2528 3560 2736 3617 Ciceros
2778 3562 2958 3627 „Aca-

495 3652 739 3705 demica“
776 3653 876 3706 hat
911 3650 1076 3705 Varro
1114 3650 1198 3705 die
1234 3650 1385 3705 Rolle
1421 3650 1514 3704 des
1549 3650 1860 3718 Antiochus,
1899 3649 2076 3706 Cicero
2104 3650 2187 3704 die
2223 3650 2316 3703 des
2352 3650 2521 3705 Philo.
2561 3680 2630 3688 —
2668 3652 2953 3705 rhetorum

488 3739 819 3809 praecepta]
857 3742 1076 3812 τεχνικὰ
1113 3744 1573 3813 παραγγέλματα,
1615 3781 1645 3807 ,,
1661 3739 1879 3792 Theorie
1908 3739 2000 3792 der
2026 3739 2398 3806 Redekunst“,
2436 3739 2531 3792 wie
2568 3740 2640 3793 im
2676 3739 2957 3807 folgenden

497 3827 734 3882 dictioni
771 3852 834 3870 ==
875 3828 1108 3883 dicendo
1143 3828 1217 3881 im
1253 3827 1411 3882 Sinne
1457 3845 1553 3882 von
1592 3828 1709 3882 arti
1744 3827 1986 3882 dicendi.
2040 3857 2105 3866 —
2156 3828 2222 3882 in
2268 3828 2609 3895 Tusculano]
2649 3827 2959 3897 Einleitung

498 3917 549 3970 S.
587 3916 674 3970 11.
703 3945 772 3954 —
799 3917 865 3970 in
890 3933 952 3971 eo
980 3917 1434 3985 consumpsimus]
1473 3959 1505 3985 „
1522 3916 1691 3971 damit
1717 3917 2060 3984 verbracht“,
2097 3916 2400 3986 Beziehung
2426 3920 2588 3971 etwas
2617 3917 2957 3970 verschwom—

494 4021 632 4072 men,
669 4004 833 4058 daher
868 4005 939 4059 im
975 4005 1251 4074 folgenden
1277 4005 1444 4059 nfiher
1469 4006 1758 4060 bestimmt.
1798 4035 1865 4043 —
1903 4006 1969 4059 in
1993 4005 2378 4075 Academiam]
2417 4007 2510 4060 wie
2527 4006 2628 4074 111,
2659 4005 2708 4061 7.
2752 4005 2805 4060 S.
2832 4005 2958 4060 Ein-

496 4093 701 4162 leitung
736 4093 789 4149 S.
819 4095 905 4148 11.
943 4124 1013 4133 —
1052 4094 1450 4164 descendimus]
1487 4095 1598 4149 Das
1634 4094 1997 4148 akademische
2035 4093 2375 4164 Gymnasium
2412 4095 2502 4164 lag
2550 4095 2718 4150 tiefer.
2770 4124 2840 4133 —
2884 4101 2956 4150 ut

497 4189 684 4238 aetum
721 4183 1173 4255 disputatumque
1207 4183 1305 4253 est]
1347 4184 1475 4250 „wie
1512 4184 1605 4238 der
1639 4184 1831 4252 Dialog
1867 4184 2102 4238 wirklich
2138 4184 2319 4237 verlief
2329 4184 2390 4250 “3
2427 4183 2529 4237 mit
2564 4183 2682 4237 dem
2716 4183 2960 4252 gleichen

451 4316 453 4318 ,
493 4270 784 4326 -Gedanken
820 4272 1060 4327 schliel'st
1096 4273 1179 4327 die
1206 4272 1513 4341 Einleitung
1550 4290 1668 4327 zum
1697 4273 1963 4344 Gesprach
2002 4291 2118 4328 vom
2155 4277 2332 4328 ersten
2358 4272 2412 4328 N
2413 4273 2705 4342 achmittag
2739 4273 2804 4341 (Ι,
2830 4272 2900 4338 8).
