3221 4850
1264 362 1378 416 Lib.
1416 362 1489 430 Π,
1527 378 1573 416 ο,
1615 364 1662 417 1.
2590 360 2696 423 ιω

243 529 353 591 aut
413 525 809 608 aegritudine
872 527 986 589 aut
1043 527 1223 590 metu
1282 526 1660 599 liberemur;
1728 525 1906 589 velut
1973 543 2049 588 ex
2112 542 2188 589 ea
2246 524 2692 608 disputatione,

244 652 403 714 quae
449 633 607 697 mihi
651 651 856 715 nuper
899 632 1122 696 habita
1169 633 1267 695 est
1310 631 1376 694 in
1406 631 1784 709 Tusculano,
1830 649 2066 713 magna
2095 630 2430 695 videbatur
2468 631 2690 696 mortis

241 738 464 805 effecta
522 739 936 821 contemptio,
998 757 1160 819 quae
1215 757 1342 802 non
1399 738 1741 801 minimum
1798 738 1970 803 valet
2029 737 2109 802 ad
2171 739 2454 802 animum
2512 739 2691 803 metu

239 845 654 911 liberandum.
744 845 914 909 Nam
963 845 1071 926 qui
1115 844 1207 923 id,
1270 844 1437 926 quod
1482 844 1672 908 vitari
1716 863 1842 908 non
1888 846 2126 928 potest,
2184 844 2443 922 metuit,
2499 845 2575 908 is¹
2601 845 2693 909 vi-

240 972 385 1017 vere
446 953 655 1017 animo
717 952 931 1034 quieto
990 953 1172 1016 nullo·
1222 952 1407 1016 modo
1453 953 1698 1035 potest3
1760 950 1870 1016 sed
1920 952 2054 1033 qui,
2112 971 2240 1016 non
2293 952 2480 1016 modo
2543 952 2692 1033 quia

238 1078 496 1125 neeesse
558 1062 657 1123 est
712 1059 899 1136 mori,
957 1078 1182 1124 verum
1228 1058 1424 1123 etiam
1471 1059 1622 1141 quia
1666 1058 1826 1122 nihil
1869 1058 2064 1123 habet
2119 1078 2316 1136 morS,
2378 1059 2545 1140 quod
2606 1059 2692 1123 sit

237 1166 655 1242 horrendum,
716 1167 991 1230 mortem
1048 1185 1176 1229 non
1234 1165 1449 1242 timet,
1506 1183 1815 1247 magnum
1873 1166 1929 1229 is
1989 1165 2108 1229 sibi
2145 1165 2554 1248 praesidium
2610 1166 2690 1229 ad

238 1275 493 1338 beatam
532 1274 731 1338 vitam
764 1272 1171 1356 comparavit.
1309 1270 1717 1353 Quamquam
1761 1292 1888 1336 non
1936 1291 2157 1336 sumus
2198 1273 2409 1355 ¹ignari
2452 1273 2689 1337 multos
2715 1292 2741 1334 s

240 1380 521 1445 studiose
569 1381 790 1444 eontra
834 1398 972 1444 esse
1020 1379 1335 1453 dicturos3
1397 1379 1564 1461 quod
1623 1380 1825 1444 vitare
1870 1380 2046 1443 nullo
2102 1379 2286 1444 modo
2346 1381 2689 1463 potuimus,

237 1488 360 1552 nisi
405 1488 565 1552 nihil
597 1487 850 1551 omnino
882 1488 1319 1551 scriberemus,
1394 1486 1652 1551 Etenim
1699 1486 1753 1550 si
1799 1487 2131 1563 orationeS,
2180 1506 2340 1569 quas
2379 1506 2496 1551 nos
2527 1489 2692 1552 mul-

238 1594 531 1659 titudinis
577 1593 807 1658 iudioio
854 1594 1107 1677 probari
1152 1594 1520 1658 volebamus
1577 1592 1923 1677 (popularis
1971 1596 2073 1658 est
2119 1594 2287 1657 enim
2334 1594 2447 1658 illa
2491 1593 2691 1659 facul-

237 1703 338 1766 tas
400 1705 465 1766 et
524 1700 784 1765 effeetus
842 1700 1241 1783 eloquentiae
1301 1702 1400 1765 est
1445 1699 1842 1765 audientium
1889 1701 2279 1784 approbatio)
2325 1739 2416 1747 —-
2463 1702 2575 1766 sed
2636 1702 2692 1766 si

235 1810 717 1892 reperiebantur
760 1807 1076 1886 nonnulli,
1138 1807 1244 1888 qui
1291 1807 1452 1871 nihil
1495 1803 1860 1886 laudarent,
1918 1808 2043 1874 nisi
2106 1808 2273 1890 quod
2331 1828 2397 1873 se
2452 1809 2692 1890 imitari

238 2074 422 2127 stehen
460 2076 525 2140 (s.
563 2073 871 2141 Einleitung
906 2073 959 2127 S.
1000 2074 1089 2139 13)
1105 2115 1117 2138 ‚
1157 2073 1281 2126 aber
1317 2074 1409 2126 der
1447 2071 1692 2127 Gedanke
1726 2074 2000 2141 „laetitia
2037 2074 2327 2129 liberemur
2341 2074 2376 2102 “
2427 2075 2689 2129 erseheint

235 2163 292 2216 in
330 2162 423 2215 der
457 2161 765 2229 Einleitung
798 2162 947 2214 nicht
982 2162 1219 2231 popular.
1258 2191 1323 2199 -
1363 2178 1542 2230 nuper
1577 2162 1772 2216 habita
1806 2162 1904 2229 est]
1943 2163 2094 2215 weist
2139 2162 2231 2215 auf
2263 2163 2362 2216 den
2399 2164 2690 2231 geschicht-

236 2251 407 2305 lichon
445 2251 732 2321 Zeitpunkt
768 2251 860 2304 der
893 2250 1331 2318 Unterredungen
1382 2251 1573 2304 zuriiok
1586 2293 1599 2319 ‚
1653 2252 1887 2319 dagegen
1937 2250 2067 2304 wird
2114 2251 2199 2305 bei
2247 2251 2340 2305 der
2377 2251 2692 2307 Wiederauf-

236 2340 426 2393 nahme
463 2341 555 2393 des
583 2340 800 2407 Dialogs
838 2340 932 2393 das
968 2342 1109 2393 erste
1134 2340 1283 2393 Buoh
1319 2341 1399 2393 als
1434 2342 1690 2394 hesterna
1728 2340 2038 2411 disputatio
2064 2340 2366 2395 bezeichnet
2402 2342 2455 2410 (§
2489 2342 2590 2407 10).
2622 2372 2690 2383 -

235 2431 301 2483 i‘n
343 2429 678 2497 Tusculano]
730 2448 771 2484 s.
809 2430 1114 2497 Einleitung
1159 2430 1210 2484 S.
1252 2431 1335 2484 11.
1400 2460 1464 2468 -—
1513 2447 1630 2485 non
1664 2431 1978 2498 minimum]
2024 2430 2226 2484 Litotes
2262 2433 2543 2500 (λιτότης),
2597 2433 2690 2486 wie

234 2520 308 2572 im
345 2519 643 2573 Deutschen
682 2520 788 2573 fast
824 2543 893 2562 =
930 2519 1298 2587 aliquantum.

383 2622 428 2664 s.
464 2609 733 2677 studiose]
774 2609 1333 2675 ‚,leidensohaftlieh“;
1375 2609 1478 2677 vgl.
1506 2611 1626 2664 sine
1653 2609 1746 2663 ira
1772 2615 1824 2663 et
1849 2609 2055 2663 studio.
2088 2639 2151 2646 -—-
2192 2615 2392 2664 eontra
2427 2626 2537 2664 esse
2574 2611 2689 2668 dica

236 2698 415 2765 twros]
454 2697 636 2751 Solohe
662 2697 696 2752 J
702 2698 1117 2767 uxtapositionen
1145 2698 1501 2765 (contradire)
1538 2697 1743 2751 werden
1779 2698 1862 2751 bei
1890 2696 2066 2752 Cioero
2098 2699 2254 2752 meist
2280 2700 2413 2753 noch
2441 2703 2690 2768 getrennt

234 2786 587 2853 geschrieben,
618 2786 785 2840 selbst
813 2803 919 2855 qao
946 2803 1012 2841 ea
1037 2802 1118 2840 me
1144 2803 1372 2854 eumque
1399 2787 1562 2842 ducet
1586 2787 1639 2855 (ἓ
1669 2788 1786 2853 18);
1824 2787 1998 2841 Horaz
2025 2790 2202 2854 (earm.
2231 2786 2274 2854 1,
2304 2789 2354 2854 7,
2383 2788 2502 2855 25):
2542 2805 2690 2859 „quo

234 2892 331 2929 nos
367 2892 587 2946 eumque
623 2875 756 2929 feret
792 2876 972 2929 melior
1006 2876 1220 2929 fortuna
1255 2879 1487 2946 parente,
1520 2875 1528 2939 Ι
1559 2876 1794 2929 ibimus“
1833 2893 1884 2930 u.
1914 2880 1961 2930 fi.
1992 2907 2060 2915 -
2096 2876 2207 2930 Auf
2239 2877 2687 2947 politisehem

237 2963 453 3019 Gebieto
488 2964 642 3017 hatte
678 2965 786 3018 sein
828 3007 857 3030 ‚‚
870 2964 1071 3019 Cato“
1109 2965 1516 3033 (veroffontlicht
1541 2969 1678 3018 etwa
1704 2965 1995 3019 November
2021 2966 2091 3020 46
2120 2984 2164 3019 ν.
2196 2964 2342 3031 Chr.)
2378 2966 2577 3019 schnell
2603 2967 2687 3021 ein

235 3053 828 3123 antirepublikanisohes
864 3053 1005 3108 Eeho
1042 3054 1097 3107 in
1136 3053 1326 3109 Casars
1365 3055 1913 3121 ‚,Antieatones“
1952 3056 2185 3123 geweokt
2220 3056 2313 3122 (45
2352 3074 2396 3110 V.
2436 3055 2582 3121 Chr.)
2618 3086 2686 3096 —

233 3143 514 3196 orationes
551 3184 596 3196 ..
619 3184 631 3196 .
660 3142 1035 3212 philosophia]
1084 3141 1356 3198 Gedanke:
1414 3143 1583 3197 Wenn
1621 3144 1787 3198 meino
1822 3143 1913 3198 Re
1928 3144 2049 3198 den
2099 3162 2165 3197 an
2203 3145 2305 3198 den
2355 3145 2532 3198 kraft·
2578 3145 2687 3199 und

234 3232 483 3285 saftlosen
522 3229 811 3285 Attizisten
850 3231 1056 3300 Gegner
1089 3232 1280 3285 fanden
1317 3232 1424 3286 und
1460 3249 1561 3288 nur
1597 3232 1764 3286 durch
1791 3233 1892 3287 den
1918 3232 2186 3302 gesunden
2216 3233 2346 3288 Sinn
2375 3233 2467 3288 des
2493 3234 2687 3288 Volkes

231 3321 317 3373 fiir
353 3320 525 3374 Wort-
563 3321 671 3374 und
701 3319 1109 3375 Gedankenffille
1147 3322 1258 3374 sioh
1297 3322 1549 3389 siegreioh
1576 3322 1946 3393 behaupteten,
1985 3322 2104 3376 darf
2136 3323 2220 3376 ich
2247 3323 2302 3376 in
2332 3322 2425 3376 der
2459 3323 2687 3377 Philo-

233 3395 497 3480 sophie,
536 3410 619 3463 die
647 3411 837 3463 andere
862 3409 1040 3463 Mittel
1068 3410 1176 3464 und
1205 3411 1288 3464 ein
1316 3411 1535 3464 anderes
1559 3411 1839 3465 Publikum
1866 3412 1978 3479 hat,
2016 3412 2108 3465 auf
2129 3412 2280 3465 einen
2310 3413 2444 3465 auch
2470 3428 2572 3465 nur
2598 3428 2686 3466 an-

232 3499 467 3552 nfihernd
494 3498 771 3552 iihnliohen
797 3497 977 3567 Erfolg
1004 3499 1173 3552 hoffen
1186 3497 1214 3552 1²
1251 3528 1308 3537 ——
1348 3499 1584 3567 iudicio]
1626 3499 1760 3553 wohl
1787 3500 2017 3555 Ablativ.
2049 3529 2115 3538 —
2152 3499 2422 3568 facultas]
2457 3499 2686 3569 „Fahig-

233 3588 360 3654 keit,
397 3587 647 3641 Talent“.
690 3617 753 3625 -—-
790 3587 1112 3657 popularis]
1152 3589 1289 3655 „auf
1310 3588 1405 3643 das
1431 3588 1567 3642 Volk
1595 3588 1976 3657 angewieson“.
2016 3619 2083 3628 -—
2120 3588 2367 3658 effectas]
2405 3589 2500 3642 wie
2527 3606 2686 3643 unser

236 3676 484 3743 „Effokt,
537 3675 856 3744 Wirkung“,
909 3677 1049 3730 daun
1100 3677 1528 3746 „beabsiehtigte
1564 3677 1852 3746 Wirkung,
1903 3678 2074 3732 Ziel“.
2160 3677 2322 3732 Sonst
2371 3678 2502 3732 wird
2551 3679 2686 3732 auch

223 3764 570 3834 persuadere
604 3765 684 3819 als
720 3764 828 3818 Ziel
864 3765 1163 3820 bezeichnet
1178 3808 1191 3833 ,
1229 3782 1326 3820 aus
1362 3767 1480 3820 dem
1516 3766 1609 3820 der
1644 3766 1832 3820 Beifall
1868 3767 2186 3838 entspringt.
2226 3795 2292 3805 -·-
2331 3767 2686 3823 audientium

233 3854 590 3925 approbatio]
629 3853 806 3909 Cioero
834 3854 1078 3908 skizziert
1110 3855 1183 3908 im
1213 3855 1497 3923 „Brutus“
1524 3857 1576 3925 (ξ
1602 3857 1733 3922 290)
1759 3855 1842 3909 die
1867 3855 2127 3925 Wirlmng
2152 3855 2252 3910 des.
2268 3852 2685 3911 'vollkommenen

232 3943 405 4013 (nieht
457 3943 863 4009 attizistisohen)
916 3943 1179 3998 Redners:
1237 3945 1404 4012 „Volo
1450 3945 1549 3998 hoo
1596 3946 1793 3999 oratori
1839 3942 2116 4014 contingat
2151 3987 2164 4000 .
2186 3987 2198 4000 .
2222 3986 2234 4000 .
2272 3962 2461 4000 corona
2506 3946 2685 4000 multi-

231 4033 351 4103 plex
388 4074 401 4088 .
424 4074 437 4088 .
460 4075 490 4100 .,
528 4049 646 4086 oum
682 4036 869 4101 surgat
906 4074 919 4088 .
941 4075 954 4087 .
978 4074 990 4086 .
1029 4032 1352 4101 significetur
1387 4052 1419 4087 a
1456 4051 1646 4088 corona
1691 4032 1954 4088 silentium
1968 4076 1982 4102 ‚
2033 4033 2218 4089 deinde
2255 4035 2467 4089 crebrae
2502 4035 2682 4088 adsen-

230 4123 419 4189 siones,
448 4122 647 4175 multae
671 4121 1085 4176 admirationes“
1115 4125 1231 4178 eto..
1264 4152 1330 4161 —-·
1359 4123 1454 4177 sed
1478 4123 1551 4191 ss]
1572 4122 2059 4178 Wiederaufnahme
2087 4122 2178 4177 des
2198 4122 2593 4191 Satzanfanges.
2616 4150 2682 4160 ·—-

228 4210 514 4279 nonnulli]
575 4210 658 4264 die
712 4227 891 4279 sogen.
930 4211 1214 4265 Attizisten
1232 4255 1245 4279 ,
1287 4230 1343 4266 s.
1395 4230 1444 4267 u.
1498 4240 1565 4251 --
1615 4212 1853 4281 imitari]
1898 4212 2118 4266 Manohe
2160 4213 2399 4266 wiihlten
2447 4228 2550 4265 nur
2599 4211 2683 4265 die

230 4300 484 4354 schliohte
521 4299 740 4354 Diktion
777 4300 868 4353 des
903 4300 1084 4369 Lysias
1099 4343 1113 4368 ,
1167 4301 1357 4355 andere
1404 4301 1488 4355 die
1532 4298 1792 4361 Herbheit
1841 4300 1932 4355 des
1967 4300 2330 4370 Thukydides3
2386 4300 2511 4354 aber
2561 4317 2683 4354 man

230 4393 401 4459 wagto
435 4389 609 4457 nieht,
657 4390 809 4443 einen
844 4389 1224 4444 Demosthenes
1260 4391 1385 4445 oder
1419 4388 1576 4445 Plato
1613 4390 2000 4446 naohzuahmen
2038 4389 2162 4444 oder
2197 4404 2293 4444 aus
2332 4390 2475 4444 einer
2509 4389 2681 4444 Mehr·

2179 4478 2256 4534 g*
