3221 4850
1283 285 1397 339 Lib.
1435 284 1480 354 1,
1519 301 1563 338 ο.
1602 287 1831 342 26—28.
2716 283 2786 346 71

325 448 651 531 provideat
707 450 773 512 et
828 447 1161 530 complecti
1216 447 1419 530 possit
1474 448 1867 530 praesentia,
1930 467 2092 529 quae
2152 449 2287 512 sola
2342 447 2555 529 divina
2613 450 2783 524 sunt,

324 574 441 619 nec
485 555 845 620 invenietur
889 573 1230 636 umquam,
1290 554 1459 618 unde
1510 554 1589 617 ad
1635 555 1957 618 hominem
2005 555 2218 619 venire
2264 555 2510 637 possint
2565 554 2689 618 nisi
2746 573 2784 618 a

325 660 457 725 deo.
538 661 892 744 Singularis
942 665 1041 725 est
1067 661 1265 743 igitur
1298 662 1615 742 quaedam
1646 665 1878 725 natura
1913 664 2107 743 atque
2139 662 2233 726 vis
2269 661 2462 725 animi
2496 662 2784 725 seiuncta

324 768 403 831 ab
434 768 534 832 his
567 769 824 832 usitatis
855 768 1152 850 notisque
1183 770 1450 831 naturis.
1524 768 1644 844 Ita,
1694 768 1995 849 quicquid
2028 770 2127 832 est
2156 767 2334 844 illud,
2369 768 2534 849 quod
2568 769 2782 845 sentit,

324 875 494 955 quod
542 875 726 958 sapit,
776 875 943 957 quod
975 875 1149 949 vivit,
1198 875 1365 956 quod
1400 876 1588 957 viget,
1636 876 1908 940 caeleste
1957 878 2022 939 et
2055 875 2338 938 divinum
2386 876 2463 939 ob
2511 893 2781 956 eamque

323 1000 460 1044 rem
508 984 840 1045 aeternum
889 982 973 1045 sit
1001 1001 1259 1046 necesse
1308 984 1426 1045 est.
1499 982 1634 1046 Nec
1666 1001 1812 1046 vero
1846 982 2001 1046 deus
2047 982 2200 1065 ipse,
2248 982 2358 1064 qui
2387 982 2783 1063 intellegitur

324 1106 364 1151 a
411 1088 621 1164 nobie,
683 1088 803 1152 alio
851 1088 1036 1152 modo
1081 1089 1368 1170 intellegi
1414 1091 1627 1171 potest
1671 1089 1796 1152 nisi
1841 1108 2022 1153 mens
2080 1089 2293 1152 soluta
2340 1088 2654 1171 quaedam
2716 1091 2782 1152 et

324 1193 552 1270 libera,
616 1198 950 1278 segregata
997 1197 1076 1260 ab
1123 1196 1294 1259 omni
1341 1197 1737 1260 concretione
1783 1196 2066 1272 mortali,
2127 1195 2339 1259 omnia
2385 1196 2667 1259 sentiens
2715 1199 2782 1260 et

323 1320 584 1365 movens
630 1302 894 1384 ipsaque
941 1302 1230 1385 praedita
1276 1303 1455 1366 motu
1513 1302 1952 1385 sempiterno.“
2043 1303 2183 1367 Hoc
2229 1321 2261 1366 e
2309 1321 2536 1385 genere
2586 1303 2779 1383 atque
2802 1320 2863 1361 εν

322 1407 547 1472 eadem
595 1427 628 1472 e
675 1412 908 1472 natura
956 1412 1055 1473 est
1099 1410 1384 1472 humana
1428 1428 1630 1473 mens.
1687 1446 1775 1455 —
1827 1410 1955 1474 Ubi
1999 1410 2196 1491 igitur
2251 1410 2366 1473 aut
2413 1409 2619 1490 qualis
2680 1411 2781 1472 est

323 1514 449 1578 ista
494 1517 724 1578 mens?
755 1553 843 1560 —
874 1515 1002 1580 Ubi
1047 1517 1162 1579 tua
1210 1519 1323 1580 aut
1374 1516 1630 1597 qualis?
1676 1518 1936 1598 potesne
1978 1516 2231 1580 dicere?
2306 1519 2433 1592 An,
2482 1516 2537 1579 si
2568 1516 2781 1578 omnia

322 1621 405 1684 ad
452 1621 952 1704 intellegendum
998 1641 1123 1684 non
1170 1623 1406 1699 habeo,
1455 1641 1618 1703 quae
1665 1623 1897 1686 habere
1944 1623 2207 1697 vellem,
2253 1641 2333 1687 ne
2380 1622 2457 1686 iis
2506 1622 2780 1704 quidem,

323 1745 488 1808 quae
535 1728 754 1804 habeo,
801 1729 959 1792 mihi
990 1748 1103 1811 per
1148 1732 1211 1792 te
1258 1730 1355 1792 uti
1386 1730 1645 1794 licebit?
1691 1766 1782 1775 ——
1826 1729 1971 1793 Non
2007 1730 2175 1794 valet
2205 1731 2461 1793 tantum
2509 1729 2779 1805 animm,

322 1836 397 1897 ut
443 1853 510 1898 se
557 1835 692 1917 ipse
740 1836 970 1900 videat.
1016 1872 1104 1881 —
1151 1839 1237 1900 At
1281 1838 1356 1899 ut
1387 1837 1627 1913 oculu8‚
1675 1837 1766 1900 sic
1813 1837 2063 1900 animus
2112 1855 2179 1901 se
2225 1855 2353 1899 non
2384 1836 2605 1900 videns
2653 1836 2779 1898 alia

322 1941 541 2004 cernit.
592 1978 673 1986 —
723 1942 866 2004 Non
899 1942 1070 2006 videt
1114 1945 1346 2018 autem,
1395 1943 1557 2024 quod
1594 1943 1933 2007 minimum
1980 1945 2095 2019 est,
2142 1942 2412 2007 formam
2458 1961 2659 2006 suam.
2690 1979 2778 1988 —-

323 2047 732 2128 Quamquam
763 2048 1031 2112 fortasse
1078 2050 1142 2112 id
1179 2067 1465 2130 quoque;
1515 2050 1627 2113 sed
1657 2050 2129 2130 relinquamus;
2179 2050 2309 2114 vim
2356 2050 2545 2125 certe,
2593 2067 2778 2130 saga-

321 2154 602 2230 citatem,
649 2156 1039 2233 memoriam,
1086 2159 1351 2231 motum‚
1399 2157 1793 2220 celeritatem
1840 2157 2026 2220 videt.
2103 2156 2278 2220 Haec
2322 2175 2573 2237 magna,
2620 2157 2779 2219 haec

320 2261 553 2338 divina,
600 2263 758 2326 haec
789 2263 1177 2346 sempiterna
1209 2267 1378 2327 sunt.
1457 2261 1599 2341 Qua
1631 2261 1789 2327 facie
1825 2263 2081 2344 quidem
2113 2263 2199 2326 sit
2231 2265 2343 2326 aut
2373 2263 2480 2326 ubi
2513 2263 2777 2339 habitet,

320 2387 400 2432 ne
451 2370 883 2451 quaerendum
933 2370 1189 2452 quidem
1237 2373 1352 2434 est.

498 2477 592 2542 Ut
647 2497 793 2541 cum
848 2478 1137 2542 videmus
1196 2478 1469 2560 speciem
1526 2478 1804 2560 primum
1862 2477 2326 2559 candoremque
2382 2478 2569 2554 caeli,
2631 2476 2775 2540 dein
2796 2458 2882 2588 ἓξ

318 2670 514 2724 divina
548 2672 698 2740 sunt]
736 2671 854 2724 sola
893 2671 990 2725 wie
1026 2688 1173 2738 una,
1225 2672 1325 2738 „in
1362 2673 1532 2725 erster
1566 2671 1745 2738 Liuio,
1783 2688 1881 2725 vor
1917 2671 2150 2724 anderen
2162 2673 2209 2723 “.
2250 2701 2317 2709 —
2366 2675 2573 2723 natura
2620 2675 2779 2738 atque

319 2760 423 2828 vie]
472 2775 513 2812 s.
564 2777 633 2812 zu
678 2760 711 2827 ξ
750 2762 834 2814 54.
893 2791 960 2799 —
1015 2759 1285 2828 quidquid
1325 2766 1402 2813 est
1449 2760 1610 2829 illud]
1660 2760 1852 2827 „jenes
1899 2758 2425 2814 Unbestimmbare“.
2484 2790 2551 2798 —
2605 2758 2774 2827 sapit]

319 2848 586 2915 „denkt“.
627 2879 694 2887 —
732 2848 872 2916 quod
905 2848 1061 2914 vivit,
1115 2849 1256 2916 quod
1287 2848 1444 2917 φέρει]
1485 2864 1639 2914 „was
1677 2847 1810 2914 lebt,
1851 2863 1957 2901 was
1992 2848 2121 2916 tatig
2156 2846 2286 2900 ist⁶⁶.
2340 2879 2407 2886 —
2458 2847 2519 2900 ob
2554 2864 2778 2915 eamque

316 2939 453 3007 rem]
493 2937 738 3005 Stellung
775 2937 874 2990 wie
912 2936 996 2990 bei
1032 2937 1403 3006 inprimisque
1441 2955 1490 2990 u.
1530 2942 1575 2990 a.
1616 2968 1683 2976 —
1722 2937 1822 3005 qui
1854 2936 2183 3004 intelleyitur
2218 2953 2255 2988 a
2288 2935 2465 3004 nobis]
2506 2936 2652 3002 „den
2681 2935 2778 2988 wir

318 3042 420 3079 uns
458 3027 633 3096 (doch)
682 3026 965 3094 denken‘·;
1016 3029 1176 3080 unter
1223 3027 1327 3080 den
1372 3026 1838 3095 metaphysischen
1873 3026 2081 3094 Fragen
2128 3026 2225 3094 gilt
2271 3026 2368 3078 der
2403 3024 2776 3092 Gotterglaube

319 3115 398 3167 als
435 3115 622 3168 relativ
659 3115 939 3183 gesiohert.
979 3147 1048 3154 —
1086 3116 1415 3169 concretione
1448 3115 1697 3185 mortali]
1738 3132 1888 3183 „von
1923 3114 2326 3183 verganglicher
2360 3113 2640 3167 Materie“.

467 3217 548 3259 67.
600 3204 714 3258 Ubi
750 3245 761 3257 .
785 3245 796 3258 .
826 3245 837 3257 .
876 3210 972 3258 aut
1010 3205 1212 3273 qualis]
1259 3205 1441 3258 Damit
1478 3205 1608 3257 wird
1646 3204 1716 3257 M
1752 3208 1879 3274 (von
1916 3204 2030 3257 sich
2066 3203 2234 3257 selbst
2267 3203 2397 3257 oder
2431 3219 2537 3256 von
2572 3203 2644 3271 A)
2683 3203 2778 3256 auf

315 3294 403 3347 die
440 3294 812 3362 Hauptfragen
849 3293 1338 3362 zuriickgewiesen3
1376 3293 1483 3362 vgl.
1520 3294 1658 3347 iiber
1692 3294 1778 3346 die
1815 3292 2260 3361 Disposition
2298 3292 2330 3359 ξ
2367 3294 2436 3348 53
2475 3293 2529 3361 (ξ
2559 3293 2665 3352 60).
2705 3323 2774 3330 -

317 3383 508 3436 omnia
559 3384 634 3436 ad
684 3383 1115 3452 intelleqendum]
1174 3383 1346 3450 „alles
1402 3400 1521 3436 zum
1574 3382 1991 3449 Verstandnis“‚
2042 3398 2099 3435 so
2150 3381 2266 3435 dass
2315 3397 2440 3434 man
2489 3380 2776 3434 verstehen

317 3472 475 3524 kann.
515 3503 582 3511 —
621 3474 695 3524 At
728 3477 789 3525 ut
825 3473 1030 3541 oculus]
1071 3472 1510 3540 Gegeneinwurf:
1550 3472 1703 3537 Nun,
1753 3487 1810 3525 es
1848 3471 1919 3524 ist
1955 3470 2092 3525 eben
2127 3471 2229 3524 wie
2266 3469 2407 3523 beim
2444 3472 2623 3537 Auge;
2675 3469 2775 3523 wie

318 3560 412 3613 das
439 3564 590 3628 Auge
630 3601 642 3613 .
666 3601 677 3612 .
701 3602 713 3613 .
754 3592 821 3600 —
859 3560 986 3614 Non
1021 3560 1179 3630 videt]
1218 3562 1403 3615 Neuer
1437 3560 1695 3614 Einwurf.
1737 3592 1804 3600 —
1844 3560 1985 3629 quod
2016 3559 2323 3612 minimum
2357 3561 2453 3627 est]
2494 3574 2645 3625 „was
2682 3558 2776 3611 das

316 3649 790 3703 Unbedeutendste
826 3649 953 3703 ist“.
996 3679 1058 3687 -—-
1097 3650 1327 3718 fortasse
1361 3650 1424 3702 id
1456 3651 1678 3720 quoque]
1718 3654 1943 3718 erganze
1969 3649 2133 3714 videt;
2172 3647 2415 3701 wiewohl
2442 3646 2581 3700 auch
2607 3646 2774 3701 denk-

316 3738 414 3791 bar
448 3738 534 3804 ist,
573 3739 690 3793 dass
727 3738 804 3792 sie
841 3739 956 3792 ihre
995 3738 1199 3793 Gestalt
1233 3739 1386 3792 sieht.
1435 3771 1502 3779 —
1553 3739 1908 3808 sayacitatem
1942 3738 2287 3806 memoriam]
2340 3736 2439 3789 wie
2478 3737 2511 3804 ξ
2547 3737 2646 3792 65:
2684 3735 2774 3790 in-

316 3827 499 3881 venire
533 3828 865 3882 meminisse.
919 3860 988 3868 --
1036 3846 1105 3882 ne
1140 3829 1504 3897 quaerendum
1541 3829 1759 3898 quidem
1794 3830 1890 3898 est]
1940 3828 2166 3881 Warum
2202 3826 2425 3880 wurden
2472 3825 2602 3879 aber
2638 3825 2775 3879 oben

316 3916 462 3970 diese
498 3917 705 3985 Fragen
742 3933 800 3970 so
838 3917 1116 3987 energisch
1154 3918 1210 3971 in
1246 3918 1465 3987 Angriff
1499 3917 1856 3986 genommen?

311 4046 436 4095 Wio
471 4047 573 4096 wir
609 4048 734 4096 Gott
768 4061 866 4096 au·
903 4049 1084 4097 acinon
1121 4049 1348 4097 Workon
1387 4049 1679 4108 orkonnon,
1716 4061 1775 4097 ιο
1811 4047 1894 4096 dio
1933 4046 2082 4096 80010
2118 4059 2215 4095 aun
2250 4046 2405 4095 ihren
2439 4044 2774 4105 Leintungon.

1268 4132 1422 4201 (Kap.
1461 4134 1531 4187 28
1567 4132 1677 4184 und
1714 4132 1821 4193 29.)

456 4219 610 4288 Kal).
650 4220 746 4276 28.
824 4233 906 4277 68.
968 4220 1034 4274 Ut
1080 4238 1206 4274 cum
1240 4221 1505 4289 videmus]
1560 4220 1656 4274 Sic
1692 4225 1923 4273 mentem
1968 4218 2105 4288 folgt
2153 4218 2263 4271 erat
2309 4219 2340 4287 ξ
2378 4218 2447 4271 70
2494 4214 2634 4269 nach
2678 4215 2776 4268 der

310 4307 588 4363 lebhaften
616 4308 966 4378 Schilderung
1000 4310 1110 4362 und
1137 4310 1234 4363 der
1259 4310 1458 4363 kurzen
1488 4309 2030 4376 Zusammenfassung
2055 4308 2184 4362 haee
2214 4347 2225 4360 .
2248 4347 2260 4359 .
2284 4347 2296 4359 .
2326 4322 2452 4359 cum
2478 4303 2772 4371 cemimus,

1931 4424 1978 4438 σι.
