3221 4850
407 266 481 327 94
1204 267 1622 322 Tusculanarum
1656 267 2071 338 disputationum

411 431 632 495 caret?
724 429 928 494 Vadit
972 431 1143 495 enim
1188 430 1256 494 in
1302 430 1574 495 eundem
1623 449 1940 496 carcerem
1988 432 2182 514 atque
2227 431 2296 495 in
2341 432 2612 497 eundem
2648 434 2874 514 paucis

410 538 558 620 post
604 537 789 602 annis
836 538 1149 621 scyphum
1198 536 1491 603 Socrates
1552 536 1774 602 eodem
1822 538 2058 603 scelere
2101 538 2415 616 iudicum,
2476 557 2601 620 quo
2649 540 2875 622 tyran-

411 663 642 708 norum
687 644 1135 709 Theramenes,
1228 642 1406 722 Quae
1466 646 1568 709 est
1626 645 1825 728 igitur
1870 645 2006 710 eius
2051 644 2250 710 oratio
2267 693 2282 723 ,
2345 664 2474 728 qua
2519 645 2674 711 facit
2718 665 2875 711 eum

411 750 598 815 Plato
644 770 836 816 usum
883 751 1052 834 apud
1096 751 1339 816 iudices
1384 752 1514 816 iam
1560 753 1764 816 morte
1811 752 2211 816 multatum?

310 862 390 922 41
592 858 877 940 „Magna
913 877 1015 923 me
1035 864 1086 936 “,
1131 858 1359 940 inquit,
1407 877 1600 942 „spes
1648 860 1841 936 tenet,
1886 858 2144 936 iudices,
2190 859 2348 923 bene
2395 859 2553 922 mihi
2601 859 2874 938 evenire,

415 963 584 1045 quod
643 964 872 1029 mittar
934 964 1012 1029 ad
1060 966 1355 1029 mortem.
1445 964 1722 1030 Necesse
1770 967 1871 1030 est
1916 965 2086 1030 enim
2133 965 2219 1030 sit
2265 965 2538 1030 alterum
2589 966 2668 1030 de
2714 966 2875 1031 duo-

412 1071 565 1149 bus,
634 1073 710 1135 ut
769 1074 884 1135 aut
943 1089 1169 1135 sensus
1232 1072 1486 1135 omnino
1546 1091 1765 1137 omnes
1825 1090 1997 1137 mors
2059 1071 2308 1136 auferat
2367 1074 2481 1137 aut
2539 1073 2607 1136 in
2667 1074 2874 1138 alium

416 1177 736 1259 quendam
767 1179 976 1242 locum
1010 1196 1086 1242 ex
1129 1178 1232 1243 his
1277 1172 1430 1244 locis
1478 1180 1684 1244 morte
1729 1179 2059 1261 migretur.
2151 1177 2361 1258 Quam
2408 1180 2486 1244 ob
2533 1199 2692 1258 rem,
2738 1180 2875 1248 sive

416 1302 643 1348 sensus
705 1284 1132 1365 exstinguitur
1190 1303 1487 1367 morsque
1549 1286 1608 1349 ei
1664 1303 1883 1350 somno
1931 1286 2157 1350 similis
2205 1287 2331 1364 est,
2392 1287 2502 1369 qui
2561 1305 2882 1351 nonnum-

418 1409 611 1472 quam
672 1391 867 1455 etiam
929 1391 1063 1455 sine
1124 1392 1277 1456 visis
1335 1392 1725 1457 somniorum
1769 1392 2272 1476 placatissimam
2319 1393 2601 1475 quietem
2651 1393 2879 1472 adfert,

418 1497 482 1560 di
527 1498 703 1575 boni,
764 1497 918 1579 quid
974 1499 1138 1563 lucri
1183 1500 1283 1563 est
1329 1499 1555 1564 emori!
1605 1500 1721 1563 aut
1766 1517 1961 1581 quam
2006 1500 2197 1564 multi
2244 1499 2379 1564 dies
2424 1500 2687 1583 reperiri
2731 1518 2882 1582 pos-

418 1607 606 1678 sunt,
666 1605 777 1686 qui
837 1605 954 1669 tali
1016 1605 1188 1670 nocti
1234 1608 1734 1689 anteponantur,
1794 1606 1896 1671 cui
1941 1606 2001 1669 si
2046 1606 2271 1670 similis
2318 1605 2540 1671 futura
2587 1609 2689 1670 est
2732 1625 2882 1689 per-

336 1734 398 1779 us
418 1711 700 1793 petuitas
749 1712 953 1775 omnis
1002 1713 1450 1794 consequentis
1494 1713 1818 1796 temporie,
1867 1713 2009 1795 quis
2056 1731 2158 1777 me
2205 1713 2495 1777 beatior?
2579 1712 2692 1778 Sin
2724 1731 2881 1777 vera

420 1818 589 1892 sunt,
637 1835 800 1899 quae
848 1817 1166 1897 dicuntur,
1213 1819 1661 1901 migrationem
1706 1837 1844 1884 esse
1890 1821 2163 1884 mortem
2208 1820 2276 1883 iu
2321 1837 2429 1884 eas
2476 1838 2648 1895 oram,
2696 1838 2881 1901 quae,

422 1924 531 2005 qui
578 1942 612 1988 e
658 1924 792 1988 vita
840 1928 1266 2004 excesserunt,
1312 1926 1618 2004 incolunt,
1661 1926 1729 1990 id
1774 1927 1981 1990 multo
2026 1926 2157 1990 iam
2201 1926 2451 1991 beatius
2499 1928 2616 1991 est.
2687 1927 2880 2004 Tene,

421 2049 569 2095 cum
630 2031 709 2095 ab
755 2031 866 2109 iis,
929 2033 1040 2114 qui
1086 2051 1154 2098 se
1200 2032 1484 2098 iudicum
1529 2051 1795 2097 numero
1840 2032 2062 2097 haberi
2107 2033 2361 2110 volunt,
2420 2033 2699 2097 evaseris
2718 2080 2733 2110 ,
2794 2033 2880 2096 ad

568 2290 649 2331 97.
701 2283 860 2347 atque
912 2278 979 2332 m
1030 2278 1259 2333 eundem
1310 2278 1595 2348 scyphum]
1650 2278 1791 2332 woh]
1847 2278 2209 2347 zeugmatisch
2255 2278 2410 2348 „und
2457 2295 2580 2333 zum
2627 2278 2879 2348 gleichen

420 2365 632 2420 Becher
642 2371 673 2397 ‘⁴
712 2366 922 2437 (hauh,
960 2366 1456 2437 Schierlingstrank,
1494 2369 1754 2438 κώνειον).
1792 2399 1860 2408 -
1897 2367 2037 2435 facit
2075 2409 2087 2421 .
2111 2409 2156 2421 ..
2195 2369 2382 2439 usum]
2423 2408 2454 2437 „
2469 2367 2654 2422 halten
2689 2368 2878 2436 lasst“,

421 2457 569 2510 sonst
604 2456 706 2510 bei·
724 2456 901 2524 facere
937 2457 1313 2526 „einfiihren“
1351 2457 1450 2510 mit
1486 2458 1628 2510 Part.
1667 2456 1815 2511 Pras.
1853 2457 1953 2511 wie
2002 2457 2141 2524 facit
2177 2458 2486 2526 loquentem.
2546 2490 2613 2498 —
2669 2459 2877 2528 inquit]

423 2545 636 2601 Ciceros
672 2545 861 2600 Worte
898 2546 1016 2600 sind
1054 2546 1184 2602 eher
1222 2546 1340 2600 eine
1378 2545 1559 2600 freie
1596 2546 2065 2615 Bearbeitung
2100 2545 2177 2600 als
2214 2546 2334 2601 eine
2362 2538 2741 2616 Ubersetzung
2765 2562 2878 2600 von

420 2633 601 2689 Platos
635 2635 789 2705 Apol.
827 2634 971 2689 Socr.
1012 2651 1124 2704 cap.
1163 2637 1235 2691 32
1246 2636 1286 2688 f.

564 2777 718 2846 Καρ.
760 2777 865 2834 41.
939 2779 1094 2847 tenet]
1148 2777 1472 2848 ‚,beseelt“;
1529 2793 1588 2832 so
1636 2777 1969 2832 desider-ima
2012 2796 2097 2833 me
2133 2783 2294 2847 tenet;
2348 2778 2435 2834 bei
2470 2778 2623 2834 Plato
2662 2779 2881 2833 einfach

421 2870 574 2930 ἐλπίς
609 2870 761 2923 ἔστιν
795 2869 1040 2939 (ἀγαθὸν
1076 2871 1212 2923 αὐτὸ
1247 2868 1424 2935 εἶναι).
1465 2898 1533 2907 -
1584 2867 1812 2937 evenire]
1852 2867 1988 2922 eben
2021 2868 2171 2936 jetzt,
2209 2868 2374 2922 daher
2408 2867 2561 2921 nicht
2594 2868 2778 2922 Futur.
2805 2899 2880 2908 -—

420 2954 633 3025 mittar]
686 2955 820 3009 Eine
857 2957 958 3009 Art
994 2955 1083 3010 Or.
1123 2954 1226 3009 obl.
1301 2954 1667 3009 Verbreiterte
1713 2946 2096 3024 Ubersetzung.
2153 2986 2220 2996 —
2276 2956 2499 3011 Necesse
2544 2962 2621 3011 est
2658 2998 2670 3010 .
2693 2998 2706 3010 .
2728 2998 2740 3010 .
2777 2956 2879 3027 sit]

422 3060 630 3097 necesse
664 3049 742 3097 est
776 3045 900 3098 dem
936 3043 1264 3112 abhangigen
1302 3044 1634 3112 Konjunktiv
1670 3045 1752 3097 oft
1794 3044 2159 3113 naehgestellt.
2225 3075 2285 3085 —
2339 3051 2438 3100 aut
2475 3087 2487 3099 .
2517 3087 2530 3099 .
2563 3087 2575 3099 .
2612 3046 2885 3116 miqretur

424 3134 801 3204 (ἀποδημεῖνΠ
851 3132 952 3187 Bei
989 3132 1144 3186 Plato
1190 3132 1337 3186 steht
1378 3132 1517 3186 noch
1562 3137 1704 3188 κατὰ
1754 3137 1823 3189 τὰ
1873 3137 2143 3209 λεγόμενα
2158 3177 2172 3201 ,
2229 3134 2410 3189 womit
2445 3134 2691 3189 Sokrates
2727 3134 2881 3189 seine

425 3221 787 3290 Anschauung
822 3221 920 3274 mit
955 3220 1089 3291 Sage
1127 3222 1237 3275 und
1273 3213 1692 3291 Uberlieferung
1736 3221 1793 3275 in
1829 3221 2091 3292 Einklang
2126 3221 2317 3292 bringt.
2375 3253 2444 3263 —
2497 3222 2610 3277 sive
2648 3263 2660 3276 .
2693 3264 2705 3276 .
2737 3264 2749 3276 .
2787 3240 2880 3277 ea:-

422 3310 743 3380 stinquitur]
784 3310 999 3364 Diesem
1036 3310 1332 3380 entspricht
1369 3311 1476 3364 Sin
1509 3329 1638 3365 vera
1671 3316 1815 3365 sunt.
1873 3343 1940 3352 —
1994 3312 2163 3365 etiam
2207 3312 2330 3365 sinc
2376 3310 2535 3382 visis]
2585 3314 2882 3369 καθεύδων

422 3399 562 3474 μηδ’
598 3406 736 3474 ὄναρ
772 3404 873 3472 ὁρᾷ
909 3400 984 3452 im
1022 3398 1275 3468 Original.
1334 3431 1401 3439 -
1451 3400 1900 3468 placatissimam
1937 3400 2185 3469 quietem]
2223 3399 2344 3453 Den
2378 3401 2654 3469 gesunden
2692 3399 2881 3455 Schlaf

423 3490 517 3543 des
554 3489 816 3558 Sokrates,
855 3488 992 3543 auch
1027 3489 1102 3541 im
1128 3488 1434 3558 Gefflngnis‚
1473 3488 1732 3542 schildert
1767 3488 1921 3543 Krito
1957 3491 2028 3559 (p.
2067 3491 2136 3545 43
2149 3489 2222 3557 A).
2262 3520 2331 3529 —
2366 3488 2432 3542 da'
2463 3490 2616 3559 bom']
2654 3491 2879 3545 Ausi-uf.

423 3579 574 3647 Vgl.:
614 3583 1073 3654 ,,θαυμάσιον
1107 3579 1301 3651 κέρδος
1338 3582 1409 3632 ἂν
1444 3584 1527 3647 εἴη
1564 3582 1595 3632 ὁ
1631 3581 1940 3641 advectos&
1980 3608 2047 3617 —
2085 3577 2211 3647 quis
2245 3595 2332 3631 me
2366 3577 2592 3647 beatior]
2632 3578 2744 3632 Der
2771 3578 2879 3632 Ge—

423 3667 592 3721 danke
638 3667 732 3721 des
769 3666 1057 3737 Originals,
1113 3666 1230 3721 dats
1284 3666 1451 3720 selbst
1498 3667 1597 3720 der
1646 3666 1963 3735 Grotskdnig
2014 3665 2175 3721 kaurn
2225 3668 2388 3721 etwas
2437 3666 2881 3736 Beseligenderes

423 3756 597 3809 kenne
647 3754 724 3810 als
776 3756 896 3810 eine
932 3755 1113 3810 solche
1148 3755 1328 3809 Nacht
1342 3796 1356 3825 ,
1411 3771 1507 3824 gar
1542 3755 1692 3809 nicht
1727 3772 1794 3809 zu
1830 3756 1994 3810 reden
2030 3771 2136 3811 von
2173 3754 2349 3810 einem
2383 3754 2731 3811 Privatmann
2744 3796 2758 3823 ,
2806 3755 2881 3810 ist

425 3843 778 3913 ausgelassen.
817 3875 885 3884 —
915 3844 1249 3914 perpetuitas
1272 3843 1458 3898 omnis
1493 3844 1863 3913 consequentis
1899 3844 2173 3914 temporis]
2213 3843 2357 3914 „Die
2382 3860 2549 3914 ganze
2574 3845 2756 3899 Dauer
2782 3846 2880 3900 der

426 3933 701 4003 (Zukunft)
737 3931 1068 4002 Folgezeit“.

571 4035 653 4081 98.
694 4021 801 4077 Sin
847 4039 974 4076 vera
1016 4027 1170 4089 sunt,
1218 4039 1355 4092 quae
1389 4023 1670 4092 ddauntur]
1709 4029 1824 4079 Καὶ
1870 4024 1959 4093 (εἰ)
2007 4026 2187 4093 ἀληθῆ
2220 4026 2340 4081 ἔστι
2376 4026 2445 4078 τὰ
2482 4026 2768 4098 λεγόμενα.
2807 4052 2876 4062 -

423 4113 593 4167 multo
628 4112 768 4181 iam]
808 4150 841 4180 „
857 4113 970 4165 erst
1002 4109 1111 4166 viel
1125 4113 1175 4179 ⁴⁶,
1214 4110 1431 4166 iihnlich
1466 4112 1568 4166 wie
1603 4112 1773 4166 ettam
1807 4128 1906 4166 zur
1939 4111 2271 4182 Steigerung.
2310 4142 2380 4153 —
2423 4109 2562 4168 Ten&
2585 4153 2597 4165 .
2620 4153 2631 4165 .
2656 4153 2668 4165 .
2696 4110 2877 4165 venire

547 4199 1077 4270 haeepereyrinattb
1228 4202 1421 4271 potest]
1472 4201 1642 4269 „Und
1687 4217 1845 4255 wenn
1890 4201 1962 4255 du
2121 4200 2374 4270 kommst,
2548 4199 2690 4268 kann
2737 4196 2877 4254 euch

428 4290 577 4358 (statt
612 4289 740 4357 „dir
754 4290 808 4357 “)
855 4288 1001 4344 diese
1036 4279 1459 4359 Wanderung“;
1515 4291 1609 4345 das
1644 4290 1901 4360 fragende
1945 4307 2015 4345 ne
2048 4291 2272 4345 wiirden
2305 4290 2407 4345 wir
2442 4289 2573 4345 eher
2608 4306 2676 4345 an
2704 4294 2879 4360 pote-st
