3221 4850
1278 297 1390 353 Lib.
1428 298 1473 366 I,
1512 314 1557 352 e.
1598 299 1826 354 12-14.
2707 297 2779 359 46

314 458 702 542 quibusdam
758 478 943 543 saepe
1001 461 1423 526 movebantur
1476 461 1683 542 iisque
1739 460 2011 526 maxime
2066 461 2425 584 noeturniS,
2485 463 2561 526 ut
2605 461 2780 527 vide-

317 567 542 630 rentur
587 566 663 642 ei‚
710 567 821 648 qui
864 567 999 630 vita
1045 569 1465 644 excesserant,
1510 568 1741 631 vivere.

497 672 590 737 Ut
634 691 818 754 porro
862 673 1304 738 firmissimum
1347 674 1468 738 hoe
1514 673 1750 738 adferri
1794 673 2065 751 videtur,
2112 693 2227 739 our
2263 674 2413 739 deos
2460 693 2599 739 esse
2646 694 2781 741 ere·
2803 694 2866 737 so

318 778 568 852 damus,
615 778 785 860 quod
830 780 1010 844 nulla
1041 799 1196 862 gens
1243 783 1381 844 tam
1411 779 1565 856 fera,
1610 799 1798 844 nemo
1846 781 2134 845 omnium
2163 783 2301 845 tam
2348 781 2434 845 sit
2462 781 2780 860 immaniS,

317 885 503 950 ouius
559 888 842 951 mentem
895 905 1022 951 non
1076 887 1378 951 imbuerit
1432 887 1694 952 deorum
1758 886 1965 969 opinio
2022 887 2240 972 (multi
2295 887 2372 951 de
2431 888 2527 951 dis
2585 907 2781 971 prava

320 992 643 1065 sentiunt;
691 991 756 1055 id
802 993 970 1056 enim
1003 994 1227 1057 vitioso
1272 1012 1446 1058 more
1494 993 1661 1058 efflei
1706 994 1901 1070 solet;
1950 1012 2169 1059 omnes
2201 996 2419 1058 tamen
2467 1013 2605 1060 esse
2653 995 2781 1059 vim

320 1101 389 1161 et
433 1100 735 1161 naturam
782 1098 1061 1164 divinam
1108 1100 1533 1178 arbitrantur,
1579 1119 1699 1165 neo
1743 1119 1892 1165 vero
1936 1100 2001 1164 id
2049 1101 2404 1166 oonloeutio
2452 1101 2781 1165 hominum

322 1207 440 1269 aut
498 1223 831 1269 consessus
893 1205 1133 1283 effecit,
1201 1225 1328 1271 non
1381 1207 1701 1271 institutis
1761 1206 1968 1290 opinio
2023 1208 2124 1272 est
2181 1207 2586 1285 confirmata,
2653 1226 2781 1272 non

324 1311 606 1393 legibus;
654 1313 826 1376 omni
869 1315 1086 1377 autem
1132 1314 1200 1377 in
1243 1333 1313 1379 re
1360 1314 1798 1379 consensio
1846 1314 2199 1378 omnium
2246 1314 2613 1395 gentium
2657 1314 2781 1378 lex

324 1419 674 1482 naturae
732 1419 1020 1502 putanda
1074 1419 1197 1501 est)
1243 1456 1334 1466 —-
1381 1421 1523 1502 quis
1584 1422 1686 1485 est
1738 1421 1969 1503 igitur,
2028 1421 2139 1503 qui
2193 1439 2455 1485 suorum
2510 1422 2784 1486 mortem

326 1524 606 1607 primum
660 1543 785 1588 non
841 1544 913 1589 eo
959 1526 1209 1607 lugeat,
1271 1526 1441 1609 quod
1498 1546 1603 1591 eos
1661 1527 1914 1592 orbatos
1962 1526 2129 1591 vitae
2188 1527 2532 1592 commodis
2589 1527 2787 1592 arbri-

329 1633 582 1696 tretur?
672 1632 847 1696 Tolle
904 1632 1073 1697 hane
1131 1632 1522 1716 opinionem,
1590 1633 1840 1698 luetum
1901 1632 2259 1698 sustuleris.
2348 1632 2553 1699 Nemo
2616 1634 2786 1699 enim

327 1744 575 1803 maeret
634 1757 749 1803 suo
808 1739 1240 1813 incommodo;
1311 1739 1531 1804 dolent
1589 1738 1861 1804 fortasse
1931 1743 1997 1804 et
2066 1742 2426 1822 anguntur3
2496 1740 2608 1805 sed
2674 1740 2787 1805 illa

329 1845 617 1927 lugubris
648 1845 1020 1910 lamentatio
1067 1845 1385 1928 fletusque
1431 1865 1725 1911 maerens
1773 1865 1849 1912 ex
1895 1865 1969 1911 eo
2017 1848 2134 1922 est,
2182 1846 2351 1928 quod
2383 1864 2548 1924 eum,
2596 1864 2788 1928 quem

332 1950 686 2029 dileximus,
732 1952 902 2016 vitae
950 1952 1294 2017 commodis
1326 1954 1651 2037 privatum
1697 1954 2086 2018 arbitramur
2114 1953 2307 2035 idque
2355 1954 2609 2018 sentire.
2675 1955 2791 2018 At-

335 2076 459 2139 que
489 2058 649 2123 haeo
677 2057 773 2122 ita
817 2059 1131 2124 sentimus
1161 2061 1396 2124 natura
1428 2060 1605 2137 duee,
1651 2059 1832 2125 nulla
1862 2059 2106 2124 ratione
2149 2060 2455 2142 nullaque
2487 2058 2792 2124 doctrina.
2795 2050 2950 2139 s
2917 2070 2936 2121 ί

512 2165 864 2229 Maximum
919 2184 1068 2230 vero
1125 2170 1579 2247 argumentum
1636 2168 1737 2230 est
1781 2169 2083 2230 naturam
2136 2166 2344 2249 ipsam
2402 2165 2479 2230 de
2535 2166 2793 2230 immor·
2813 2142 2899 2280 {⁴¹1

3053 2140 3086 2181 l,

334 2392 712 2462 („Bewegt’s
739 2392 891 2450 Euoh
918 2393 1084 2463 nieht,
1114 2411 1273 2450 wenn
1300 2394 1476 2450 dieses
1502 2394 1747 2450 Erdballs
1775 2395 1931 2450 Feste
1964 2395 1972 2465 Ι
2006 2394 2206 2450 Wankt
2242 2394 2343 2450 wie
2372 2395 2459 2450 ein
2488 2394 2794 2450 schwaohes

337 2482 601 2552 Rohr?“).

484 2584 566 2627 so.
617 2573 673 2640 b)
717 2561 1421 2644 Ubereinstimmung
1469 2574 1652 2629 aller
1687 2573 1988 2642 (eonem-sio
2033 2572 2305 2641 omnium)
2343 2573 2423 2628 als
2459 2572 2669 2643 Beweis
2704 2573 2797 2627 fiir

335 2660 423 2714 die
447 2660 917 2715 Unsterbliohkeit.
957 2693 1026 2703 —
1075 2663 1143 2717 Ut
1170 2680 1337 2733 porro
1373 2664 1623 2739 (πόρρω)]
1663 2663 1821 2731 „Wie
1856 2663 2083 2717 forner“
2120 2662 2218 2716 der
2252 2661 2568 2732 allgemeine
2594 2661 2797 2716 Glaube

337 2750 434 2802 fiir
466 2750 562 2803 das
597 2748 797 2804 Dasein
833 2766 941 2803 von
977 2750 1200 2805 Gottern
1236 2750 1439 2820 sprioht
1454 2794 1467 2821 ,
1519 2768 1587 2807 so
1625 2752 1712 2805 die
1758 2751 2042 2820 allgemein
2086 2750 2299 2805 iibliohe
2334 2752 2537 2806 Trauer
2581 2768 2675 2805 um
2711 2750 2797 2804 die

338 2838 505 2893 Toten
541 2839 635 2891 fiir
668 2839 763 2893 das
789 2838 1072 2893 Fortleben
1101 2839 1199 2893 der
1225 2839 1394 2894 Seele.
1461 2839 1563 2894 Die
1592 2840 2012 2895 Zwisohensatze
2040 2840 2235 2894 fiihren
2276 2857 2343 2893 zu
2379 2840 2528 2894 einer
2563 2840 2798 2895 anderen

340 2927 726 2982 Konstruktion
773 2927 867 2982 des
904 2928 957 2982 N
957 2928 1257 2983 aohsatzes:
1307 2929 1433 2999 quis
1476 2934 1553 2983 est
1596 2929 1787 2997 ἰθεῖαν.
1840 2960 1908 2969 -
1957 2929 2118 2983 ouius
2161 2930 2412 2999 mentem]
2461 2929 2561 2998 „in
2606 2929 2800 2983 dessen

339 3016 522 3072 Geiste
556 3017 655 3071 der
689 3016 1103 3087 Gotterglauben
1137 3017 1333 3072 keinen
1369 3017 1614 3087 Anklang
1648 3019 1921 3087 gesunden
1955 3017 2162 3072 hatte“.
2209 3048 2281 3058 -
2320 3035 2502 3088 prava
2536 3018 2797 3087 sentiunt]

341 3106 443 3160 wie
492 3105 578 3160 die
614 3105 1100 3160 Versehrobenheit
1145 3106 1242 3160 der
1275 3096 1538 3176 Egyptier
1586 3108 1754 3162 ofters
1802 3105 2039 3176 getadelt
2074 3106 2221 3161 wird.
2278 3139 2343 3148 -—
2392 3108 2585 3162 vitioso
2630 3108 2797 3176 more]

343 3194 498 3248 Auoh
536 3194 622 3247 die
659 3194 943 3264 religiosen
978 3194 1396 3265 Vorstellungen
1434 3197 1777 3271 (προλήψεις)
1814 3195 1932 3250 sind
1970 3212 2075 3250 von
2110 3196 2286 3250 Natur
2321 3212 2417 3250 aus
2451 3196 2654 3265 gesund
2689 3197 2798 3250 und

344 3282 552 3352 riehtig.
592 3314 660 3323 —
697 3283 814 3336 vim
838 3289 886 3337 et
911 3285 1197 3353 naturam]
1226 3284 1411 3354 haufig
1436 3285 1765 3354 verbunden,
1804 3287 1942 3339 etwa
1966 3310 2036 3330 ==
2064 3285 2361 3353 „Wesen“.
2403 3316 2470 3325 —
2507 3282 2803 3340 conlocutio

345 3412 359 3424 .
382 3412 429 3424 ..
468 3373 768 3442 consessus]
806 3371 1248 3442 „Vereinbarung
1286 3413 1332 3425 ..
1356 3413 1369 3426 .
1409 3372 1946 3442 Zusammenleben“,
1998 3373 2167 3427 duroh
2204 3373 2393 3428 innere
2429 3374 2558 3427 oder
2591 3374 2802 3428 {iussere

345 3460 639 3515 Umsffinde
684 3459 1121 3530 herbeigefiihrte
1156 3450 1702 3532 Ubereinstimmung.
1755 3492 1825 3503 —
1875 3463 1995 3517 tolle
2032 3503 2045 3515 .
2077 3503 2088 3516 .
2120 3503 2133 3515 .
2168 3462 2456 3517 sushderis
2507 3462 2646 3531 (Fut.
2683 3462 2801 3531 Π.)]

348 3548 563 3616 „nimm
616 3565 734 3618 weg
786 3549 921 3602 und
973 3549 1048 3603 du
1100 3549 1222 3604 hast
1273 3591 1285 3603 .
1319 3552 1333 3604 .“
1362 3554 1436 3603 .“.
1493 3582 1563 3591 -
1617 3550 1790 3606 Nemo
1841 3550 1992 3604 enim
2045 3552 2266 3620 maeret]
2318 3550 2507 3618 „donn
2554 3550 2804 3604 niemand

344 3639 606 3703 ,trauert‘
620 3638 676 3705 “3
726 3637 832 3692 den
868 3639 1148 3693 Ausdruok
1189 3657 1428 3694 maerere
1471 3640 1814 3709 gebrauohen
1858 3639 1957 3693 wir
2003 3639 2201 3696 Romer
2245 3655 2350 3693 nur
2393 3638 2451 3692 in
2496 3638 2668 3709 bezug
2713 3641 2806 3693 auf

348 3726 724 3780 Verstorbene.
773 3757 841 3768 --
892 3727 1137 3797 luyubm‘s
1174 3729 1489 3783 lamentatio
1522 3730 1782 3799 fletusque
1814 3730 2084 3798 maerens]
2124 3727 2543 3798 „Totenklage“,
2582 3728 2684 3784 wie
2720 3728 2805 3782 die

348 3814 517 3870 selbst
549 3815 840 3885 gesetzlioh
874 3820 1171 3885 verpbnten
1205 3817 1621 3873 iibertriebenen
1649 3818 1855 3888 Klagen
1889 3818 1999 3872 und
2028 3818 2226 3873 Gesten
2260 3818 2358 3872 der
2382 3818 2426 3872 F
2428 3834 2610 3886 rauen,
2649 3858 2681 3884 „
2696 3818 2805 3872 und

348 3904 557 3959 Tranen
601 3905 697 3959 der
730 3906 990 3960 'l'rauer“.
1043 3936 1113 3947 —
1160 3907 1320 3962 nulla
1353 3907 1568 3962 ratione
1612 3908 1871 3976 nullaque
1914 3907 2184 3977 doetrina]
2224 3947 2256 3975 „
2270 3907 2410 3962 ohne
2447 3908 2498 3961 N
2500 3907 2805 3962 aohdenken

353 3994 464 4047 und
501 3993 638 4048 ohne
673 3993 1043 4065 Belehrung“.

496 4136 653 4205 Καρ.
696 4137 798 4195 14.
878 4151 958 4193 ει.
1015 4139 1066 4207 o)
1115 4127 1305 4194 Uber
1358 4139 1484 4193 den
1530 4138 1661 4193 Tod
1717 4138 2370 4193 hinausreiohende
2419 4138 2632 4206 Sorge
2687 4140 2810 4194 der

352 4225 635 4281 Menseh
651 4242 731 4280 en
767 4225 845 4279 als
879 4227 1088 4281 Beweis
1125 4227 1224 4282 der
1255 4227 1729 4284 Unsterbliohkeit.
1768 4259 1838 4269 —
1875 4228 2190 4282 Maximum
2224 4228 2628 4297 armamentum]
2670 4228 2810 4296 „der

352 4313 713 4385 vollgffltigste
757 4314 1038 4385 Beweis“;
1089 4332 1148 4371 so
1198 4317 1342 4372 muts
1388 4334 1625 4386 maanus
1672 4317 1729 4370 in
1778 4317 1878 4371 der
1910 4307 2285 4386 Ubersetzung
2334 4317 2415 4370 oft
2462 4315 2812 4384 spezialisiert
