3221 4850
1314 318 1428 373 Lib.
1466 318 1510 385 Ι,
1549 334 1593 372 c.
1632 319 1862 374 39-40.
2751 316 2826 378 98

359 485 613 568 magnis
676 481 1057 564 quibusdam
1112 457 1298 545 bonis
1322 529 1339 558 ,
1397 480 1594 544 inlusi
1642 480 2060 563 destitutique
2122 480 2475 545 videamur.
2581 479 2823 560 Quodsi
2847 500 2905 542 oo

363 589 785 675 exspectando
833 590 898 653 et
930 588 1346 652 desiderando
1392 587 1744 670 pendemus
1793 587 2040 665 animis,
2085 587 2462 666 cruciamur,
2509 588 2822 671 angimur,

362 717 477 783 pro
524 697 587 761 di
646 695 1081 761 immortales!
1148 714 1342 777 quam
1401 692 1561 758 illud
1620 694 1746 758 iter
1803 694 2155 758 iucundum
2216 713 2354 758 esse
2419 694 2636 771 debet,
2699 713 2822 776 quo

362 804 645 870 confecto
704 802 884 866 nulla
943 802 1189 883 reliqua
1249 819 1429 878 cura,
1488 800 1667 865 nulla
1726 800 2082 866 sollicitudo
2143 800 2362 864 futura
2409 800 2526 864 sit!
2613 798 2824 878 Quam

363 931 466 976 me
514 911 792 975 delectat
836 908 1296 973 Theramenes!
1360 926 1554 990 quam
1600 908 1767 972 elato
1825 907 2036 971 animo
2083 908 2213 972 est!
2305 908 2449 972 Etsi
2496 907 2666 972 enim
2711 907 2825 971 fle·-

362 1037 541 1094 mu8‚
602 1036 750 1081 cum
793 1015 1100 1097 legimuS,
1161 1017 1380 1078 tamen
1425 1031 1551 1077 non
1597 1014 2046 1078 miserabiliter
2091 1014 2189 1078 vir
2235 1014 2451 1079 clarus
2499 1014 2823 1093 emoritur,

366 1123 492 1204 Qui
550 1142 698 1188 cum
759 1122 1078 1187 coniectus
1133 1121 1201 1184 in
1262 1138 1581 1185 carcerem
1628 1120 1896 1201 triginta
1938 1120 2122 1185 iussu
2169 1123 2587 1205 tyrannorum
2633 1139 2822 1185 vene-

364 1250 522 1295 num
586 1232 659 1293 ut
717 1229 937 1294 sitiens
999 1227 1394 1303 obduxisset,
1454 1227 1778 1308 reliquum
1838 1227 1929 1292 sic
1989 1246 2023 1292 e
2068 1228 2295 1310 poculo
2344 1227 2559 1303 eiecit,
2620 1230 2696 1291 ut
2753 1227 2820 1291 id

364 1338 708 1414 resonaret,
756 1355 880 1418 quo
928 1335 1144 1399 sonitu
1188 1333 1438 1398 reddito
1486 1333 1783 1398 adridens
1831 1333 2304 1417 „Propino“,
2348 1334 2578 1415 inquit,
2625 1335 2821 1411 „hoc

364 1444 713 1527 pulchro
761 1441 1147 1518 Critiae“,
1194 1440 1305 1522 qui
1349 1440 1417 1504 in
1449 1459 1597 1504 eum
1628 1439 1841 1504 fuerat
1885 1441 2316 1506 taeterrimus.
2394 1439 2620 1506 Graeci
2652 1441 2821 1504 enim

364 1549 438 1612 in
482 1549 783 1614 conviviis
846 1548 1053 1611 solent
1109 1547 1468 1624 nominare,
1530 1546 1634 1610 cui
1693 1547 1993 1629 poculum
2053 1546 2353 1610 tradituri
2400 1547 2548 1611 sint.
2637 1548 2825 1611 Lusit

366 1656 463 1719 vir
527 1654 819 1737 egregius
890 1657 1171 1718 extremo
1243 1653 1501 1736 spiritu,
1585 1672 1735 1718 cum
1801 1653 1931 1717 iam
2000 1653 2382 1736 praecordiis
2452 1656 2823 1737 conceptam

367 1764 641 1827 mortem
691 1761 1043 1826 contineret
1089 1778 1361 1842 vereque
1410 1759 1484 1836 ei,
1532 1759 1637 1824 cui
1683 1778 2002 1824 venenum
2060 1760 2492 1843 praebiberat,
2547 1762 2820 1826 mortem

369 1888 512 1933 eam
560 1872 660 1934 est
706 1871 1080 1951 auguratus,
1130 1885 1292 1948 quae
1338 1866 1513 1931 brevi
1561 1868 1904 1931 consecuta
1951 1867 2067 1931 est.
2159 1865 2318 1946 Quis
2362 1868 2532 1931 hanc
2561 1866 2822 1931 maximi
2848 1888 2904 1928 97

371 1976 567 2039 animi
613 1975 1007 2056 aequitatem
1054 1974 1122 2037 in
1167 1974 1308 2057 ipsa
1352 1976 1560 2038 morte
1605 1973 1920 2051 laudaret,
1967 1974 2022 2038 si
2052 1977 2326 2039 mortem
2369 1975 2615 2038 malum
2659 1974 2824 2038 iudi-

371 2207 616 2275 sagung“
657 2206 708 2273 (ἓ
743 2203 916 2272 8711.)
953 2218 1060 2255 von
1097 2203 1200 2255 den
1240 2200 1674 2271 „Chaldaeorum
1712 2204 2013 2256 monstra“.
2087 2203 2424 2269 EudoxoS,
2476 2202 2564 2256 ein
2601 2202 2825 2257 Sohiiler

370 2293 589 2347 Platons
604 2332 617 2358 ,
667 2291 874 2345 urteilt:
928 2331 960 2360 „
975 2290 1255 2347 Chaldaeis
1291 2290 1347 2343 in
1383 2290 1744 2358 praedictione
1797 2292 1852 2344 et
1886 2289 1943 2342 in
1978 2290 2249 2344 notatione
2286 2290 2542 2361 cuiusque
2579 2291 2720 2345 vitae
2757 2308 2826 2345 ex

371 2382 535 2437 natali
571 2381 658 2437 die
697 2380 916 2435 minime
954 2394 1071 2435 esse
1110 2379 1506 2440 credendum“;
1565 2379 1741 2434 einem
1779 2378 2090 2450 PompejuS,
2130 2379 2382 2449 CrassuS,
2432 2379 2598 2436 selbst
2651 2381 2821 2435 einem

373 2471 537 2528 Casar
570 2471 746 2525 haben
784 2469 863 2525 sie
900 2469 1007 2525 viel
1041 2468 1295 2523 Falsches
1332 2468 1655 2539 prophezeit.
1714 2500 1782 2509 -—
1838 2469 2112 2523 consecuti
2142 2471 2358 2540 sumus]
2399 2486 2508 2538 „an
2556 2485 2660 2524 uns
2710 2469 2823 2523 sich

372 2560 560 2615 erffillt
593 2560 768 2615 haben
784 2563 834 2613 “.
873 2591 941 2599 ——
977 2559 1284 2628 videamur]
1322 2574 1397 2613 sc.
1434 2558 1607 2622 nobis,
1649 2559 1987 2626 „wahnen“.

518 2663 600 2704 9⁶.
629 2650 926 2718 pendemus
962 2648 1195 2717 animis]
1233 2648 1589 2702 schwankend
1625 2648 1743 2702 sind
1769 2648 1845 2701 im
1873 2647 2068 2716 Geiste,
2099 2648 2199 2716 „in
2216 2647 2595 2703 Unsioherheit
2621 2648 2825 2702 schwe-

371 2738 478 2792 ben
493 2741 541 2791 “.
583 2769 650 2777 —
691 2755 797 2808 pro
831 2737 895 2791 di
927 2737 1283 2806 immortales]
1313 2754 1433 2806 pro,
1483 2737 1623 2790 auch
1651 2738 1793 2806 proh
1827 2737 2193 2806 gesohrieben,
2232 2755 2328 2791 zur
2364 2738 2718 2807 Beteuerung.
2757 2769 2824 2777 —-

370 2845 483 2882 esse
516 2827 676 2896 debet]
714 2826 1064 2881 verschieden
1099 2842 1205 2880 von
1235 2826 1549 2895 putandum
1584 2830 1675 2879 est.
1733 2858 1801 2866 —
1865 2826 2044 2891 Quam
2078 2844 2165 2881 me
2199 2828 2436 2897 delectat]
2489 2826 2633 2895 „wie
2680 2843 2825 2895 sym·

372 2915 616 2986 pathisch
650 2915 723 2969 ist
756 2914 886 2969 mir!
905 2917 937 2946 “
976 2946 1044 2954 ——
1089 2915 1464 2983 Theramenes]
1509 2921 1842 2989 Θηραμένης,
1881 2915 2032 2969 einer
2066 2916 2162 2969 der
2198 2915 2518 2985 „Dreil'sig“
2566 2918 2645 2986 (ot
2680 2921 2827 2988 τριά-

372 3027 540 3061 κοντα
554 3049 567 3071 ,
613 3004 846 3074 triyinta
893 3005 1182 3073 tyranni),
1239 3005 1336 3058 der
1390 3004 1504 3059 sich
1554 3005 1653 3059 der
1687 3005 1924 3073 Habgier
1970 3005 2064 3060 des
2098 3005 2299 3060 Kritias
2336 3005 2668 3060 widersetzte
2717 3006 2826 3058 und

372 3094 593 3149 deshalb
620 3094 726 3147 den
753 3093 1066 3148 Giftbeoher
1088 3094 1322 3148 nehmen
1350 3095 1562 3148 musste.
1601 3125 1669 3134 —-
1721 3111 1890 3163 quam
1916 3095 2052 3148 elato
2078 3095 2270 3148 animo
2296 3097 2392 3164 est]
2431 3095 2567 3163 „wie
2596 3095 2828 3150 erhaben

374 3182 445 3236 ist
479 3182 628 3236 seine
664 3182 1132 3251 Denkungsart?“
1171 3213 1239 3221 ——
1274 3183 1489 3251 tlemus]
1531 3222 1562 3250 „
1574 3183 1663 3250 (zu
1700 3182 1928 3249 Tranen)
1964 3183 2186 3251 geriihrt
2221 3182 2401 3237 sind“.
2473 3185 2667 3252 fiemus
2702 3201 2828 3238 cum

375 3271 620 3341 leyimus,
660 3311 692 3338 „
706 3271 806 3324 mit
839 3270 1102 3339 Riihrung
1134 3271 1284 3325 lesen
1299 3273 1348 3323 “.
1389 3302 1456 3312 —-
1508 3271 1758 3341 legimus]
1796 3271 1868 3325 Es
1904 3271 2049 3325 steht
2083 3272 2140 3324 in
2174 3271 2504 3342 Xenophons
2541 3312 2572 3340 „
2589 3272 2827 3327 Griechi-

373 3360 533 3414 soher
569 3359 885 3414 Geschichte
901 3362 934 3390 ‘⁶
971 3360 1063 3429 (Π,
1092 3361 1165 3428 3).
1205 3392 1273 3400 -
1310 3359 1719 3430 miserabilitoe]
1758 3359 2096 3430 „klaglioh“.
2136 3393 2203 3401 -
2239 3363 2532 3431 resonaret]
2572 3362 2673 3415 Ein
2699 3362 2828 3416 hau-

374 3449 512 3518 siges
550 3447 695 3517 Spiel
730 3448 817 3502 bei
854 3448 1086 3517 Gelagen
1124 3465 1237 3502 war
1271 3449 1365 3502 das
1401 3449 1792 3517 Kottabosspiel
1830 3451 1883 3518 (ὁ
1918 3451 2226 3519 κότταβος);
2264 3449 2420 3505 Nach
2448 3450 2597 3505 einer
2623 3450 2828 3518 sehale,

376 3537 462 3590 die
500 3553 566 3591 an
606 3537 782 3591 einem
810 3536 1039 3591 Stander
1073 3536 1400 3606 angebracht
1434 3554 1560 3605 war,
1597 3538 1822 3592 wurden
1848 3537 2156 3592 Weinreste
2195 3554 2254 3592 so
2288 3538 2675 3607 geschleudert,
2713 3539 2829 3594 dass

382 3641 440 3680 es
496 3625 772 3680 klatschte.
830 3657 897 3666 —
952 3643 1055 3694 quo
1103 3626 1291 3680 sonitu
1335 3626 1559 3696 reddito]
1614 3626 1744 3695 „bei
1781 3626 1986 3681 diesem
2021 3627 2165 3681 Echo
2179 3629 2227 3679 “.
2288 3658 2351 3666 -
2401 3628 2659 3697 propino]
2699 3628 2829 3695 „ich

379 3715 552 3769 trinke
590 3732 673 3782 zu,
710 3717 887 3783 vor“;
922 3714 1313 3770 Demosthenes
1350 3717 1466 3785 sagt
1499 3731 1606 3771 von
1644 3705 1906 3770 ,iischines
1955 3717 2064 3769 und
2099 3716 2205 3770 den
2241 3716 2475 3770 anderen
2512 3716 2828 3771 Verratern:

379 3806 829 3876 ,,προπεπώκασι
881 3809 1148 3874 Φιλίππῳ
1201 3807 1301 3872 τὴν
1353 3807 1730 3878 ἔλευθερίαν“.
1788 3836 1858 3845 -
1905 3805 2137 3874 pulchro
2189 3804 2414 3875 Critiae]
2472 3809 2612 3861 ἔστω
2668 3819 2830 3861 τοῦτο

379 3900 579 3963 Κριτίᾳ
618 3897 693 3963 τῷ
727 3898 898 3963 καλῷ;
952 3898 1028 3964 τῷ
1063 3897 1209 3964 καλῷ
1249 3893 1331 3947 oft
1364 3893 1444 3947 als
1478 3892 1741 3947 Inschrift
1777 3894 1872 3947 auf.
1906 3893 2102 3948 Vasen.
2142 3926 2210 3934 --
2246 3893 2313 3947 in
2347 3912 2474 3949 mm
2506 3895 2687 3963 fuerat
2722 3901 2829 3950 tac-

380 3980 658 4050 terrimus]
699 3997 829 4051 „am
864 3981 1296 4036 schandlichsten
1322 3982 1438 4037 sich
1473 3999 1644 4052 gegen
1681 3982 1775 4035 ihn
1801 3982 2119 4037 benommen
2146 3983 2352 4038 hatte“.
2393 4015 2456 4024 -
2491 3985 2831 4054 praecordiis

382 4074 692 4138 conceptam
725 4075 951 4125 mortem
986 4071 1298 4142 contineret]
1338 4071 1458 4140 „im
1498 4071 1701 4126 Innern
1739 4073 2088 4142 (praecordia
2124 4113 2155 4141 „
2171 4073 2556 4142 Zwerchfell“)
2593 4073 2697 4126 den
2724 4074 2829 4127 Tod

379 4161 576 4227 trug“;
625 4158 730 4228 vgl.
770 4159 866 4214 Ov.
903 4163 1023 4229 post
1058 4161 1167 4215 red.
1206 4161 1251 4229 Ι,
1290 4164 1351 4216 1:
1402 4161 1625 4228 „odium
1662 4160 1910 4216 scelerati
1946 4161 2189 4216 homines
2228 4203 2240 4215 .
2263 4202 2276 4214 .
2300 4202 2312 4215 .
2350 4162 2408 4215 in
2445 4177 2631 4215 omncs
2667 4161 2831 4216 bonos

379 4249 695 4316 conceptum
729 4248 835 4303 iam
864 4248 955 4302 diu
991 4249 1385 4304 continerent“.
1426 4281 1494 4290 -
1531 4249 1705 4319 brevi]
1743 4250 1898 4305 Noch
1933 4250 2007 4304 im
2043 4250 2288 4320 gleichen
2311 4252 2344 4306 J
2345 4250 2473 4304 abre
2502 4251 2606 4306 403
2634 4267 2685 4302 v.
2707 4250 2831 4305 Chr.

381 4335 476 4390 fiel
513 4337 713 4392 Kritias
749 4337 822 4391 im
858 4338 1090 4408 Kampfe
1126 4355 1296 4408 gegen
1332 4338 1630 4409 Thrasybul
1665 4340 1722 4392 in
1757 4338 2061 4408 Munychia.
