<?xml version="1.0" encoding="UTF-8"?>
<!DOCTYPE html PUBLIC "-//W3C//DTD XHTML 1.0 Transitional//EN"
    "http://www.w3.org/TR/xhtml1/DTD/xhtml1-transitional.dtd">
<html xmlns="http://www.w3.org/1999/xhtml" xml:lang="en" lang="en">
 <head>
  <title>
</title>
<meta http-equiv="Content-Type" content="text/html;charset=utf-8" />
  <meta name='ocr-system' content='tesseract 3.04.00' />
  <meta name='ocr-capabilities' content='ocr_page ocr_carea ocr_par ocr_line ocrx_word'/>
</head>
<body>
  <div class='ocr_page' id='page_1' title='image "./mtulliiciceroni132cicegoog_0092.png"; bbox 0 0 3221 4850; ppageno 0'>
   <div class='ocr_carea' id='block_1_1' title="bbox 357 687 418 733">
    <p class='ocr_par' dir='ltr' id='par_1_1' title="bbox 357 687 418 733">
     <span class='ocr_line' id='line_1_1' title="bbox 357 687 418 733; baseline -0.066 0"><span class='ocrx_word' id='word_1_1' title='bbox 357 687 418 733; x_wconf 66' lang='grc'><strong>81</strong></span> 
     </span>
    </p>
   </div>
   <div class='ocr_carea' id='block_1_2' title="bbox 437 292 2102 366">
    <p class='ocr_par' dir='ltr' id='par_1_2' title="bbox 437 292 2102 366">
     <span class='ocr_line' id='line_1_2' title="bbox 437 292 2102 366; baseline -0.001 -14"><span class='ocrx_word' id='word_1_2' title='bbox 437 292 512 352; x_wconf 75' lang='grc'><strong>86</strong></span> <span class='ocrx_word' id='word_1_3' title='bbox 1234 295 1652 349; x_wconf 83' lang='lat' dir='ltr'><strong>Tusculanarum</strong></span> <span class='ocrx_word' id='word_1_4' title='bbox 1687 295 2102 366; x_wconf 79' lang='lat' dir='ltr'><strong>disputationum</strong></span> 
     </span>
    </p>
   </div>
   <div class='ocr_carea' id='block_1_3' title="bbox 441 457 2915 1932">
    <p class='ocr_par' dir='ltr' id='par_1_3' title="bbox 441 457 2910 649">
     <span class='ocr_line' id='line_1_3' title="bbox 441 457 2910 542; baseline 0.002 -21"><span class='ocrx_word' id='word_1_5' title='bbox 441 458 656 541; x_wconf 86' lang='lat' dir='ltr'><strong>plures</strong></span> <span class='ocrx_word' id='word_1_6' title='bbox 688 458 993 523; x_wconf 86' lang='lat' dir='ltr'><strong>fortunati</strong></span> <span class='ocrx_word' id='word_1_7' title='bbox 1041 459 1170 523; x_wconf 90' lang='lat' dir='ltr'><strong>sint</strong></span> <span class='ocrx_word' id='word_1_8' title='bbox 1203 477 1397 540; x_wconf 91' lang='lat' dir='ltr'><strong>quam</strong></span> <span class='ocrx_word' id='word_1_9' title='bbox 1426 457 1709 524; x_wconf 79' lang='lat' dir='ltr'><strong>infelices</strong></span> <span class='ocrx_word' id='word_1_10' title='bbox 1757 461 1872 524; x_wconf 89' lang='lat' dir='ltr'><strong>aut</strong></span> <span class='ocrx_word' id='word_1_11' title='bbox 1902 459 2060 524; x_wconf 92' lang='lat' dir='ltr'><strong>certi</strong></span> <span class='ocrx_word' id='word_1_12' title='bbox 2092 460 2436 542; x_wconf 88' lang='lat' dir='ltr'><strong>quicquam</strong></span> <span class='ocrx_word' id='word_1_13' title='bbox 2483 460 2569 525; x_wconf 90' lang='lat' dir='ltr'><strong>sit</strong></span> <span class='ocrx_word' id='word_1_14' title='bbox 2598 460 2664 524; x_wconf 92' lang='lat' dir='ltr'><strong>in</strong></span> <span class='ocrx_word' id='word_1_15' title='bbox 2708 461 2910 525; x_wconf 90' lang='lat' dir='ltr'><strong>rebus</strong></span> 
     </span>
     <span class='ocr_line' id='line_1_4' title="bbox 441 564 2288 649; baseline 0.001 -22"><span class='ocrx_word' id='word_1_16' title='bbox 441 564 741 628; x_wconf 88' lang='lat' dir='ltr'><strong>humanis</strong></span> <span class='ocrx_word' id='word_1_17' title='bbox 789 566 902 628; x_wconf 91' lang='lat' dir='ltr'><strong>aut</strong></span> <span class='ocrx_word' id='word_1_18' title='bbox 948 584 1201 648; x_wconf 87' lang='lat' dir='ltr'><strong>sperare</strong></span> <span class='ocrx_word' id='word_1_19' title='bbox 1249 566 1335 629; x_wconf 94' lang='lat' dir='ltr'><strong>sit</strong></span> <span class='ocrx_word' id='word_1_20' title='bbox 1377 565 1756 649; x_wconf 88' lang='lat' dir='ltr'><strong>prudentius</strong></span> <span class='ocrx_word' id='word_1_21' title='bbox 1804 584 1999 648; x_wconf 88' lang='lat' dir='ltr'><strong>quam</strong></span> <span class='ocrx_word' id='word_1_22' title='bbox 2045 566 2288 631; x_wconf 90' lang='lat' dir='ltr'><strong>timere.</strong></span> 
     </span>
    </p>

    <p class='ocr_par' dir='ltr' id='par_1_4' title="bbox 443 670 2915 1932">
     <span class='ocr_line' id='line_1_5' title="bbox 624 670 2914 756; baseline 0 -20"><span class='ocrx_word' id='word_1_23' title='bbox 624 670 748 736; x_wconf 88' lang='lat' dir='ltr'><strong>Sed</strong></span> <span class='ocrx_word' id='word_1_24' title='bbox 793 672 915 736; x_wconf 92' lang='lat' dir='ltr'><strong>hoc</strong></span> <span class='ocrx_word' id='word_1_25' title='bbox 968 673 1181 755; x_wconf 90' lang='lat' dir='ltr'><strong>ipsum</strong></span> <span class='ocrx_word' id='word_1_26' title='bbox 1227 672 1637 750; x_wconf 85' lang='lat' dir='ltr'><strong>concedatur,</strong></span> <span class='ocrx_word' id='word_1_27' title='bbox 1694 673 1874 737; x_wconf 92' lang='lat' dir='ltr'><strong>bonis</strong></span> <span class='ocrx_word' id='word_1_28' title='bbox 1929 674 2121 738; x_wconf 90' lang='lat' dir='ltr'><strong>rebus</strong></span> <span class='ocrx_word' id='word_1_29' title='bbox 2175 673 2463 738; x_wconf 89' lang='lat' dir='ltr'><strong>homines</strong></span> <span class='ocrx_word' id='word_1_30' title='bbox 2521 674 2726 738; x_wconf 89' lang='lat' dir='ltr'><strong>morte</strong></span> <span class='ocrx_word' id='word_1_31' title='bbox 2773 674 2914 756; x_wconf 89' lang='lat' dir='ltr'><strong>pri-</strong></span> 
     </span>
     <span class='ocr_line' id='line_1_6' title="bbox 443 779 2911 862; baseline 0.001 -20"><span class='ocrx_word' id='word_1_32' title='bbox 443 779 613 854; x_wconf 78' lang='lat' dir='ltr'><strong>vari3</strong></span> <span class='ocrx_word' id='word_1_33' title='bbox 685 798 832 860; x_wconf 86' lang='lat' dir='ltr'><strong>ergo</strong></span> <span class='ocrx_word' id='word_1_34' title='bbox 890 780 1084 843; x_wconf 89' lang='lat' dir='ltr'><strong>etiam</strong></span> <span class='ocrx_word' id='word_1_35' title='bbox 1141 797 1417 845; x_wconf 86' lang='lat' dir='ltr'><strong>carere</strong></span> <span class='ocrx_word' id='word_1_36' title='bbox 1477 781 1844 844; x_wconf 89' lang='lat' dir='ltr'><strong>mortuos</strong></span> <span class='ocrx_word' id='word_1_37' title='bbox 1904 780 2130 844; x_wconf 87' lang='lat' dir='ltr'><strong>vitae</strong></span> <span class='ocrx_word' id='word_1_38' title='bbox 2200 779 2639 845; x_wconf 89' lang='lat' dir='ltr'><strong>commodis</strong></span> <span class='ocrx_word' id='word_1_39' title='bbox 2706 780 2911 862; x_wconf 91' lang='lat' dir='ltr'><strong>idque</strong></span> 
     </span>
     <span class='ocr_line' id='line_1_7' title="bbox 444 885 2914 970; baseline 0 -20"><span class='ocrx_word' id='word_1_40' title='bbox 444 904 583 950; x_wconf 88' lang='lat' dir='ltr'><strong>esse</strong></span> <span class='ocrx_word' id='word_1_41' title='bbox 629 886 982 950; x_wconf 78' lang='lat' dir='ltr'><strong>miserum?</strong></span> <span class='ocrx_word' id='word_1_42' title='bbox 1074 885 1263 952; x_wconf 88' lang='lat' dir='ltr'><strong>Certe</strong></span> <span class='ocrx_word' id='word_1_43' title='bbox 1308 886 1401 950; x_wconf 90' lang='lat' dir='ltr'><strong>ita</strong></span> <span class='ocrx_word' id='word_1_44' title='bbox 1447 886 1665 950; x_wconf 90' lang='lat' dir='ltr'><strong>dicant</strong></span> <span class='ocrx_word' id='word_1_45' title='bbox 1716 905 1973 951; x_wconf 88' lang='lat' dir='ltr'><strong>necesse</strong></span> <span class='ocrx_word' id='word_1_46' title='bbox 2032 888 2149 951; x_wconf 89' lang='lat' dir='ltr'><strong>est.</strong></span> <span class='ocrx_word' id='word_1_47' title='bbox 2239 890 2341 950; x_wconf 90' lang='lat' dir='ltr'><strong>An</strong></span> <span class='ocrx_word' id='word_1_48' title='bbox 2384 888 2599 970; x_wconf 88' lang='lat' dir='ltr'><strong>potest</strong></span> <span class='ocrx_word' id='word_1_49' title='bbox 2643 888 2730 963; x_wconf 92' lang='lat' dir='ltr'><strong>is,</strong></span> <span class='ocrx_word' id='word_1_50' title='bbox 2790 888 2914 969; x_wconf 87' lang='lat' dir='ltr'><strong>qui</strong></span> 
     </span>
     <span class='ocr_line' id='line_1_8' title="bbox 444 992 2913 1077; baseline 0 -21"><span class='ocrx_word' id='word_1_51' title='bbox 444 1011 568 1056; x_wconf 91' lang='lat' dir='ltr'><strong>non</strong></span> <span class='ocrx_word' id='word_1_52' title='bbox 618 995 747 1070; x_wconf 89' lang='lat' dir='ltr'><strong>est,</strong></span> <span class='ocrx_word' id='word_1_53' title='bbox 804 1011 874 1058; x_wconf 87' lang='lat' dir='ltr'><strong>re</strong></span> <span class='ocrx_word' id='word_1_54' title='bbox 920 992 1055 1057; x_wconf 91' lang='lat' dir='ltr'><strong>ulla</strong></span> <span class='ocrx_word' id='word_1_55' title='bbox 1100 995 1360 1058; x_wconf 78' lang='lat' dir='ltr'><strong>carere?</strong></span> <span class='ocrx_word' id='word_1_56' title='bbox 1452 993 1660 1058; x_wconf 86' lang='lat' dir='ltr'><strong>Triste</strong></span> <span class='ocrx_word' id='word_1_57' title='bbox 1717 993 1886 1058; x_wconf 92' lang='lat' dir='ltr'><strong>enim</strong></span> <span class='ocrx_word' id='word_1_58' title='bbox 1934 995 2033 1058; x_wconf 95' lang='lat' dir='ltr'><strong>est</strong></span> <span class='ocrx_word' id='word_1_59' title='bbox 2076 1012 2308 1057; x_wconf 89' lang='lat' dir='ltr'><strong>nomen</strong></span> <span class='ocrx_word' id='word_1_60' title='bbox 2353 993 2568 1077; x_wconf 89' lang='lat' dir='ltr'><strong>ipsum</strong></span> <span class='ocrx_word' id='word_1_61' title='bbox 2627 994 2913 1073; x_wconf 89' lang='lat' dir='ltr'><strong>carendi,</strong></span> 
     </span>
     <span class='ocr_line' id='line_1_9' title="bbox 447 1099 2914 1183; baseline 0 -20"><span class='ocrx_word' id='word_1_62' title='bbox 447 1100 596 1181; x_wconf 88' lang='lat' dir='ltr'><strong>quia</strong></span> <span class='ocrx_word' id='word_1_63' title='bbox 643 1099 953 1165; x_wconf 76' lang='lat' dir='ltr'><strong>subicitur</strong></span> <span class='ocrx_word' id='word_1_64' title='bbox 998 1100 1157 1165; x_wconf 90' lang='lat' dir='ltr'><strong>haec</strong></span> <span class='ocrx_word' id='word_1_65' title='bbox 1202 1100 1332 1164; x_wconf 87' lang='lat' dir='ltr'><strong>vis:</strong></span> <span class='ocrx_word' id='word_1_66' title='bbox 1379 1099 1623 1178; x_wconf 79' lang='lat' dir='ltr'><strong>habuit,</strong></span> <span class='ocrx_word' id='word_1_67' title='bbox 1667 1119 1795 1164; x_wconf 90' lang='lat' dir='ltr'><strong>non</strong></span> <span class='ocrx_word' id='word_1_68' title='bbox 1836 1100 2046 1178; x_wconf 88' lang='lat' dir='ltr'><strong>habet,</strong></span> <span class='ocrx_word' id='word_1_69' title='bbox 2093 1099 2430 1179; x_wconf 79' lang='lat' dir='ltr'><strong>desiderat,</strong></span> <span class='ocrx_word' id='word_1_70' title='bbox 2475 1100 2760 1183; x_wconf 86' lang='lat' dir='ltr'><strong>requirit,</strong></span> <span class='ocrx_word' id='word_1_71' title='bbox 2806 1101 2914 1164; x_wconf 92' lang='lat' dir='ltr'><strong>in-</strong></span> 
     </span>
     <span class='ocr_line' id='line_1_10' title="bbox 447 1206 2914 1291; baseline 0.001 -21"><span class='ocrx_word' id='word_1_72' title='bbox 447 1206 638 1288; x_wconf 86' lang='lat' dir='ltr'><strong>diget.</strong></span> <span class='ocrx_word' id='word_1_73' title='bbox 713 1206 907 1279; x_wconf 91' lang='lat' dir='ltr'><strong>Haec,</strong></span> <span class='ocrx_word' id='word_1_74' title='bbox 939 1207 1176 1291; x_wconf 90' lang='lat' dir='ltr'><strong>opinor,</strong></span> <span class='ocrx_word' id='word_1_75' title='bbox 1220 1207 1621 1272; x_wconf 91' lang='lat' dir='ltr'><strong>incommoda</strong></span> <span class='ocrx_word' id='word_1_76' title='bbox 1653 1210 1806 1272; x_wconf 90' lang='lat' dir='ltr'><strong>sunt</strong></span> <span class='ocrx_word' id='word_1_77' title='bbox 1836 1208 2128 1272; x_wconf 89' lang='lat' dir='ltr'><strong>carentis.</strong></span> <span class='ocrx_word' id='word_1_78' title='bbox 2206 1207 2398 1273; x_wconf 85' lang='lat' dir='ltr'><strong>Caret</strong></span> <span class='ocrx_word' id='word_1_79' title='bbox 2428 1208 2646 1284; x_wconf 60' lang='lat' dir='ltr'><strong>oculis„</strong></span> <span class='ocrx_word' id='word_1_80' title='bbox 2688 1207 2914 1272; x_wconf 88' lang='lat' dir='ltr'><strong>odiosa</strong></span> 
     </span>
     <span class='ocr_line' id='line_1_11' title="bbox 447 1313 2913 1392; baseline 0.001 -14"><span class='ocrx_word' id='word_1_81' title='bbox 447 1313 757 1388; x_wconf 86' lang='lat' dir='ltr'><strong>caecitas;</strong></span> <span class='ocrx_word' id='word_1_82' title='bbox 817 1313 1031 1378; x_wconf 92' lang='lat' dir='ltr'><strong>liberis</strong></span> <span class='ocrx_word' id='word_1_83' title='bbox 1048 1363 1065 1392; x_wconf 98' lang='lat'><strong>,</strong></span> <span class='ocrx_word' id='word_1_84' title='bbox 1124 1315 1381 1379; x_wconf 77' lang='lat' dir='ltr'><strong>orbitas,</strong></span> <span class='ocrx_word' id='word_1_85' title='bbox 1470 1314 1668 1380; x_wconf 89' lang='lat' dir='ltr'><strong>Valet</strong></span> <span class='ocrx_word' id='word_1_86' title='bbox 1711 1316 1832 1380; x_wconf 90' lang='lat' dir='ltr'><strong>hoc</strong></span> <span class='ocrx_word' id='word_1_87' title='bbox 1875 1315 1942 1379; x_wconf 90' lang='lat' dir='ltr'><strong>in</strong></span> <span class='ocrx_word' id='word_1_88' title='bbox 1989 1315 2146 1379; x_wconf 86' lang='lat' dir='ltr'><strong>vivis</strong></span> <span class='ocrx_word' id='word_1_89' title='bbox 2164 1363 2179 1392; x_wconf 96' lang='lat'><strong>,</strong></span> <span class='ocrx_word' id='word_1_90' title='bbox 2237 1317 2636 1379; x_wconf 89' lang='lat' dir='ltr'><strong>mortuorum</strong></span> <span class='ocrx_word' id='word_1_91' title='bbox 2682 1317 2913 1380; x_wconf 89' lang='lat' dir='ltr'><strong>autem</strong></span> 
     </span>
     <span class='ocr_line' id='line_1_12' title="bbox 446 1420 2915 1505; baseline 0.002 -22"><span class='ocrx_word' id='word_1_92' title='bbox 446 1438 574 1483; x_wconf 93' lang='lat' dir='ltr'><strong>non</strong></span> <span class='ocrx_word' id='word_1_93' title='bbox 633 1420 819 1484; x_wconf 90' lang='lat' dir='ltr'><strong>modo</strong></span> <span class='ocrx_word' id='word_1_94' title='bbox 878 1420 1046 1485; x_wconf 86' lang='lat' dir='ltr'><strong>vitae</strong></span> <span class='ocrx_word' id='word_1_95' title='bbox 1109 1421 1485 1498; x_wconf 90' lang='lat' dir='ltr'><strong>commodis,</strong></span> <span class='ocrx_word' id='word_1_96' title='bbox 1544 1421 1657 1486; x_wconf 91' lang='lat' dir='ltr'><strong>sed</strong></span> <span class='ocrx_word' id='word_1_97' title='bbox 1714 1441 1795 1486; x_wconf 92' lang='lat' dir='ltr'><strong>ne</strong></span> <span class='ocrx_word' id='word_1_98' title='bbox 1855 1422 1989 1486; x_wconf 84' lang='lat' dir='ltr'><strong>vita</strong></span> <span class='ocrx_word' id='word_1_99' title='bbox 2046 1421 2302 1504; x_wconf 89' lang='lat' dir='ltr'><strong>quidem</strong></span> <span class='ocrx_word' id='word_1_100' title='bbox 2362 1421 2503 1505; x_wconf 87' lang='lat' dir='ltr'><strong>ipsa</strong></span> <span class='ocrx_word' id='word_1_101' title='bbox 2560 1421 2915 1503; x_wconf 89' lang='lat' dir='ltr'><strong>quisquam</strong></span> 
     </span>
     <span class='ocr_line' id='line_1_13' title="bbox 448 1527 2911 1611; baseline 0.002 -22"><span class='ocrx_word' id='word_1_102' title='bbox 448 1530 639 1590; x_wconf 91' lang='lat' dir='ltr'><strong>caret.</strong></span> <span class='ocrx_word' id='word_1_103' title='bbox 730 1527 826 1591; x_wconf 90' lang='lat' dir='ltr'><strong>De</strong></span> <span class='ocrx_word' id='word_1_104' title='bbox 872 1528 1144 1593; x_wconf 89' lang='lat' dir='ltr'><strong>mortuis</strong></span> <span class='ocrx_word' id='word_1_105' title='bbox 1188 1530 1440 1611; x_wconf 91' lang='lat' dir='ltr'><strong>loquor,</strong></span> <span class='ocrx_word' id='word_1_106' title='bbox 1489 1529 1600 1611; x_wconf 89' lang='lat' dir='ltr'><strong>qui</strong></span> <span class='ocrx_word' id='word_1_107' title='bbox 1644 1529 1808 1593; x_wconf 93' lang='lat' dir='ltr'><strong>nulli</strong></span> <span class='ocrx_word' id='word_1_108' title='bbox 1854 1531 2038 1603; x_wconf 88' lang='lat' dir='ltr'><strong>sunt;</strong></span> <span class='ocrx_word' id='word_1_109' title='bbox 2093 1547 2240 1607; x_wconf 89' lang='lat' dir='ltr'><strong>nos,</strong></span> <span class='ocrx_word' id='word_1_110' title='bbox 2289 1528 2397 1610; x_wconf 91' lang='lat' dir='ltr'><strong>qui</strong></span> <span class='ocrx_word' id='word_1_111' title='bbox 2445 1547 2698 1606; x_wconf 58' lang='lat' dir='ltr'><strong>sumus»,</strong></span> <span class='ocrx_word' id='word_1_112' title='bbox 2742 1548 2911 1593; x_wconf 89' lang='lat' dir='ltr'><strong>num</strong></span> 
     </span>
     <span class='ocr_line' id='line_1_14' title="bbox 450 1635 2909 1719; baseline 0 -21"><span class='ocrx_word' id='word_1_113' title='bbox 450 1637 564 1698; x_wconf 92' lang='lat' dir='ltr'><strong>aut</strong></span> <span class='ocrx_word' id='word_1_114' title='bbox 594 1635 886 1699; x_wconf 88' lang='lat' dir='ltr'><strong>cornibus</strong></span> <span class='ocrx_word' id='word_1_115' title='bbox 934 1654 1224 1700; x_wconf 89' lang='lat' dir='ltr'><strong>caremus</strong></span> <span class='ocrx_word' id='word_1_116' title='bbox 1271 1639 1386 1700; x_wconf 89' lang='lat' dir='ltr'><strong>aut</strong></span> <span class='ocrx_word' id='word_1_117' title='bbox 1428 1636 1702 1719; x_wconf 79' lang='lat' dir='ltr'><strong>pennis?</strong></span> <span class='ocrx_word' id='word_1_118' title='bbox 1750 1636 1966 1718; x_wconf 87' lang='lat' dir='ltr'><strong>ecquis</strong></span> <span class='ocrx_word' id='word_1_119' title='bbox 2012 1636 2076 1700; x_wconf 90' lang='lat' dir='ltr'><strong>id</strong></span> <span class='ocrx_word' id='word_1_120' title='bbox 2109 1636 2384 1700; x_wconf 78' lang='lat' dir='ltr'><strong>dixerit?</strong></span> <span class='ocrx_word' id='word_1_121' title='bbox 2462 1635 2648 1701; x_wconf 87' lang='lat' dir='ltr'><strong>Certe</strong></span> <span class='ocrx_word' id='word_1_122' title='bbox 2694 1654 2909 1700; x_wconf 89' lang='lat' dir='ltr'><strong>nemo.</strong></span> 
     </span>
     <span class='ocr_line' id='line_1_15' title="bbox 450 1739 2911 1824; baseline 0.001 -20"><span class='ocrx_word' id='word_1_123' title='bbox 450 1739 619 1820; x_wconf 86' lang='lat' dir='ltr'><strong>Quid</strong></span> <span class='ocrx_word' id='word_1_124' title='bbox 675 1741 812 1806; x_wconf 79' lang='lat' dir='ltr'><strong>ita?</strong></span> <span class='ocrx_word' id='word_1_125' title='bbox 904 1741 1100 1822; x_wconf 86' lang='lat' dir='ltr'><strong>Quia,</strong></span> <span class='ocrx_word' id='word_1_126' title='bbox 1170 1762 1316 1807; x_wconf 90' lang='lat' dir='ltr'><strong>cum</strong></span> <span class='ocrx_word' id='word_1_127' title='bbox 1376 1743 1441 1807; x_wconf 89' lang='lat' dir='ltr'><strong>id</strong></span> <span class='ocrx_word' id='word_1_128' title='bbox 1498 1762 1627 1806; x_wconf 90' lang='lat' dir='ltr'><strong>non</strong></span> <span class='ocrx_word' id='word_1_129' title='bbox 1683 1743 1955 1820; x_wconf 84' lang='lat' dir='ltr'><strong>habeas,</strong></span> <span class='ocrx_word' id='word_1_130' title='bbox 2026 1742 2194 1824; x_wconf 90' lang='lat' dir='ltr'><strong>quod</strong></span> <span class='ocrx_word' id='word_1_131' title='bbox 2252 1742 2367 1806; x_wconf 92' lang='lat' dir='ltr'><strong>tibi</strong></span> <span class='ocrx_word' id='word_1_132' title='bbox 2426 1762 2543 1808; x_wconf 91' lang='lat' dir='ltr'><strong>nec</strong></span> <span class='ocrx_word' id='word_1_133' title='bbox 2601 1761 2727 1807; x_wconf 90' lang='lat' dir='ltr'><strong>usu</strong></span> <span class='ocrx_word' id='word_1_134' title='bbox 2785 1761 2911 1807; x_wconf 89' lang='lat' dir='ltr'><strong>nec</strong></span> 
     </span>
     <span class='ocr_line' id='line_1_16' title="bbox 449 1849 2910 1932; baseline 0 -21"><span class='ocrx_word' id='word_1_135' title='bbox 449 1850 686 1912; x_wconf 87' lang='lat' dir='ltr'><strong>natura</strong></span> <span class='ocrx_word' id='word_1_136' title='bbox 743 1849 830 1912; x_wconf 89' lang='lat' dir='ltr'><strong>sit</strong></span> <span class='ocrx_word' id='word_1_137' title='bbox 891 1851 1144 1932; x_wconf 89' lang='lat' dir='ltr'><strong>aptum,</strong></span> <span class='ocrx_word' id='word_1_138' title='bbox 1211 1868 1339 1913; x_wconf 90' lang='lat' dir='ltr'><strong>non</strong></span> <span class='ocrx_word' id='word_1_139' title='bbox 1398 1868 1647 1927; x_wconf 88' lang='lat' dir='ltr'><strong>careas,</strong></span> <span class='ocrx_word' id='word_1_140' title='bbox 1718 1850 1971 1914; x_wconf 86' lang='lat' dir='ltr'><strong>etiamsi</strong></span> <span class='ocrx_word' id='word_1_141' title='bbox 2033 1849 2272 1913; x_wconf 87' lang='lat' dir='ltr'><strong>sentias</strong></span> <span class='ocrx_word' id='word_1_142' title='bbox 2332 1852 2396 1913; x_wconf 94' lang='lat' dir='ltr'><strong>te</strong></span> <span class='ocrx_word' id='word_1_143' title='bbox 2456 1868 2583 1913; x_wconf 90' lang='lat' dir='ltr'><strong>non</strong></span> <span class='ocrx_word' id='word_1_144' title='bbox 2650 1849 2910 1913; x_wconf 87' lang='lat' dir='ltr'><strong>habere.</strong></span> 
     </span>
    </p>
   </div>
   <div class='ocr_carea' id='block_1_4' title="bbox 363 1954 2910 2039">
    <p class='ocr_par' dir='ltr' id='par_1_5' title="bbox 363 1954 2910 2039">
     <span class='ocr_line' id='line_1_17' title="bbox 363 1954 2910 2039; baseline -0.001 -18"><span class='ocrx_word' id='word_1_145' title='bbox 363 1966 429 2032; x_wconf 54' lang='lat'><strong>288</strong></span> <span class='ocrx_word' id='word_1_146' title='bbox 448 1954 589 2021; x_wconf 87' lang='lat' dir='ltr'><strong>Hoc</strong></span> <span class='ocrx_word' id='word_1_147' title='bbox 648 1956 1067 2038; x_wconf 88' lang='lat' dir='ltr'><strong>premendum</strong></span> <span class='ocrx_word' id='word_1_148' title='bbox 1128 1957 1324 2021; x_wconf 89' lang='lat' dir='ltr'><strong>etiam</strong></span> <span class='ocrx_word' id='word_1_149' title='bbox 1384 1959 1575 2039; x_wconf 87' lang='lat' dir='ltr'><strong>atque</strong></span> <span class='ocrx_word' id='word_1_150' title='bbox 1624 1958 1820 2021; x_wconf 87' lang='lat' dir='ltr'><strong>etiarn</strong></span> <span class='ocrx_word' id='word_1_151' title='bbox 1875 1957 1975 2020; x_wconf 87' lang='lat' dir='ltr'><strong>est</strong></span> <span class='ocrx_word' id='word_1_152' title='bbox 2036 1957 2488 2037; x_wconf 86' lang='lat' dir='ltr'><strong>argumentum</strong></span> <span class='ocrx_word' id='word_1_153' title='bbox 2533 1955 2910 2019; x_wconf 84' lang='lat' dir='ltr'><strong>confirmato</strong></span> 
     </span>
    </p>
   </div>
   <div class='ocr_carea' id='block_1_5' title="bbox 283 2043 360 2074">
    <p class='ocr_par' dir='ltr' id='par_1_6' title="bbox 283 2043 360 2074">
     <span class='ocr_line' id='line_1_18' title="bbox 283 2043 360 2074; baseline 0 -12"><span class='ocrx_word' id='word_1_154' title='bbox 283 2061 300 2074; x_wconf 49' lang='lat' dir='ltr'><em>l</em></span> <span class='ocrx_word' id='word_1_155' title='bbox 303 2043 360 2062; x_wconf 57' lang='grc' dir='ltr'><strong>μ’*</strong></span> 
     </span>
    </p>
   </div>
   <div class='ocr_carea' id='block_1_6' title="bbox 245 2077 278 2110">
    <p class='ocr_par' dir='ltr' id='par_1_7' title="bbox 245 2077 278 2110">
     <span class='ocr_line' id='line_1_19' title="bbox 267 2077 278 2086; baseline 0 0"><span class='ocrx_word' id='word_1_156' title='bbox 267 2077 278 2086; x_wconf 69' lang='lat' dir='ltr'><strong>e</strong></span> 
     </span>
     <span class='ocr_line' id='line_1_20' title="bbox 251 2089 262 2098; baseline 0 0"><span class='ocrx_word' id='word_1_157' title='bbox 251 2089 262 2098; x_wconf 82' lang='lat' dir='ltr'><em>l</em></span> 
     </span>
     <span class='ocr_line' id='line_1_21' title="bbox 245 2101 252 2110; baseline 0 0"><span class='ocrx_word' id='word_1_158' title='bbox 245 2101 252 2110; x_wconf 66' lang='grc' dir='ltr'><em>ι</em></span> 
     </span>
    </p>
   </div>
   <div class='ocr_carea' id='block_1_7' title="bbox 253 2177 368 2529">
    <p class='ocr_par' dir='ltr' id='par_1_8' title="bbox 253 2177 368 2529">
     <span class='ocr_line' id='line_1_22' title="bbox 253 2177 318 2282; baseline 0 0"><span class='ocrx_word' id='word_1_159' title='bbox 253 2177 318 2282; x_wconf 36' lang='lat' dir='ltr'><strong>N.</strong></span> 
     </span>
     <span class='ocr_line' id='line_1_23' title="bbox 313 2289 368 2529; baseline 0 0"><span class='ocrx_word' id='word_1_160' title='bbox 313 2289 368 2529; x_wconf 35' lang='lat' dir='ltr'><strong>Nl</strong></span> 
     </span>
    </p>
   </div>
   <div class='ocr_carea' id='block_1_8' title="bbox 449 2062 2911 2468">
    <p class='ocr_par' dir='ltr' id='par_1_9' title="bbox 449 2062 2911 2468">
     <span class='ocr_line' id='line_1_24' title="bbox 449 2062 2909 2145; baseline 0 -20"><span class='ocrx_word' id='word_1_161' title='bbox 449 2063 589 2139; x_wconf 92' lang='lat' dir='ltr'><strong>illo,</strong></span> <span class='ocrx_word' id='word_1_162' title='bbox 659 2063 735 2128; x_wconf 90' lang='lat' dir='ltr'><strong>de</strong></span> <span class='ocrx_word' id='word_1_163' title='bbox 798 2082 953 2144; x_wconf 90' lang='lat' dir='ltr'><strong>quo,</strong></span> <span class='ocrx_word' id='word_1_164' title='bbox 1022 2064 1078 2127; x_wconf 89' lang='lat' dir='ltr'><strong>si</strong></span> <span class='ocrx_word' id='word_1_165' title='bbox 1133 2065 1440 2129; x_wconf 88' lang='lat' dir='ltr'><strong>mortales</strong></span> <span class='ocrx_word' id='word_1_166' title='bbox 1502 2064 1698 2128; x_wconf 87' lang='lat' dir='ltr'><strong>animi</strong></span> <span class='ocrx_word' id='word_1_167' title='bbox 1756 2065 1939 2141; x_wconf 89' lang='lat' dir='ltr'><strong>sunt,</strong></span> <span class='ocrx_word' id='word_1_168' title='bbox 2008 2062 2297 2128; x_wconf 86' lang='lat' dir='ltr'><strong>dubitare</strong></span> <span class='ocrx_word' id='word_1_169' title='bbox 2356 2082 2484 2126; x_wconf 90' lang='lat' dir='ltr'><strong>non</strong></span> <span class='ocrx_word' id='word_1_170' title='bbox 2543 2080 2909 2145; x_wconf 88' lang='lat' dir='ltr'><strong>possumus,</strong></span> 
     </span>
     <span class='ocr_line' id='line_1_25' title="bbox 458 2169 2911 2252; baseline -0 -18"><span class='ocrx_word' id='word_1_171' title='bbox 458 2170 611 2252; x_wconf 91' lang='lat' dir='ltr'><strong>quin</strong></span> <span class='ocrx_word' id='word_1_172' title='bbox 641 2172 865 2235; x_wconf 88' lang='lat' dir='ltr'><strong>tantus</strong></span> <span class='ocrx_word' id='word_1_173' title='bbox 910 2171 1207 2236; x_wconf 87' lang='lat' dir='ltr'><strong>interitus</strong></span> <span class='ocrx_word' id='word_1_174' title='bbox 1252 2173 1318 2235; x_wconf 94' lang='lat' dir='ltr'><strong>in</strong></span> <span class='ocrx_word' id='word_1_175' title='bbox 1364 2173 1568 2236; x_wconf 91' lang='lat' dir='ltr'><strong>morte</strong></span> <span class='ocrx_word' id='word_1_176' title='bbox 1618 2172 1719 2248; x_wconf 87' lang='lat' dir='ltr'><strong>sit,</strong></span> <span class='ocrx_word' id='word_1_177' title='bbox 1764 2173 1841 2235; x_wconf 91' lang='lat' dir='ltr'><strong>ut</strong></span> <span class='ocrx_word' id='word_1_178' title='bbox 1885 2189 1964 2234; x_wconf 91' lang='lat' dir='ltr'><strong>ne</strong></span> <span class='ocrx_word' id='word_1_179' title='bbox 2011 2170 2278 2234; x_wconf 90' lang='lat' dir='ltr'><strong>minima</strong></span> <span class='ocrx_word' id='word_1_180' title='bbox 2326 2170 2582 2251; x_wconf 91' lang='lat' dir='ltr'><strong>quidem</strong></span> <span class='ocrx_word' id='word_1_181' title='bbox 2631 2169 2911 2251; x_wconf 88' lang='lat' dir='ltr'><strong>suspicio</strong></span> 
     </span>
     <span class='ocr_line' id='line_1_26' title="bbox 451 2276 2911 2360; baseline -0.001 -19"><span class='ocrx_word' id='word_1_182' title='bbox 451 2296 676 2341; x_wconf 90' lang='lat' dir='ltr'><strong>sensus</strong></span> <span class='ocrx_word' id='word_1_183' title='bbox 708 2277 1141 2359; x_wconf 82' lang='lat' dir='ltr'><strong>relinquatur;</strong></span> <span class='ocrx_word' id='word_1_184' title='bbox 1188 2278 1308 2342; x_wconf 90' lang='lat' dir='ltr'><strong>hoc</strong></span> <span class='ocrx_word' id='word_1_185' title='bbox 1337 2279 1534 2360; x_wconf 83' lang='lat' dir='ltr'><strong>igitur</strong></span> <span class='ocrx_word' id='word_1_186' title='bbox 1566 2279 1755 2360; x_wconf 86' lang='lat' dir='ltr'><strong>probe</strong></span> <span class='ocrx_word' id='word_1_187' title='bbox 1789 2277 2070 2341; x_wconf 86' lang='lat' dir='ltr'><strong>stabilito</strong></span> <span class='ocrx_word' id='word_1_188' title='bbox 2118 2279 2184 2340; x_wconf 92' lang='lat' dir='ltr'><strong>et</strong></span> <span class='ocrx_word' id='word_1_189' title='bbox 2212 2276 2332 2340; x_wconf 76' lang='lat' dir='ltr'><strong>fixo</strong></span> <span class='ocrx_word' id='word_1_190' title='bbox 2377 2276 2537 2340; x_wconf 91' lang='lat' dir='ltr'><strong>illud</strong></span> <span class='ocrx_word' id='word_1_191' title='bbox 2580 2276 2911 2340; x_wconf 64' lang='lat' dir='ltr'><strong>excutiam</strong></span> 
     </span>
     <span class='ocr_line' id='line_1_27' title="bbox 451 2382 2898 2468; baseline -0.001 -19"><span class='ocrx_word' id='word_1_192' title='bbox 451 2384 605 2449; x_wconf 89' lang='lat' dir='ltr'><strong>dum</strong></span> <span class='ocrx_word' id='word_1_193' title='bbox 667 2386 797 2462; x_wconf 89' lang='lat' dir='ltr'><strong>est,</strong></span> <span class='ocrx_word' id='word_1_194' title='bbox 855 2386 929 2449; x_wconf 92' lang='lat' dir='ltr'><strong>ut</strong></span> <span class='ocrx_word' id='word_1_195' title='bbox 977 2385 1242 2463; x_wconf 90' lang='lat' dir='ltr'><strong>sciatur,</strong></span> <span class='ocrx_word' id='word_1_196' title='bbox 1303 2385 1452 2468; x_wconf 91' lang='lat' dir='ltr'><strong>quid</strong></span> <span class='ocrx_word' id='word_1_197' title='bbox 1500 2385 1584 2450; x_wconf 89' lang='lat' dir='ltr'><strong>sit</strong></span> <span class='ocrx_word' id='word_1_198' title='bbox 1630 2404 1874 2463; x_wconf 89' lang='lat' dir='ltr'><strong>carere,</strong></span> <span class='ocrx_word' id='word_1_199' title='bbox 1931 2403 2012 2449; x_wconf 91' lang='lat' dir='ltr'><strong>ne</strong></span> <span class='ocrx_word' id='word_1_200' title='bbox 2058 2385 2459 2466; x_wconf 87' lang='lat' dir='ltr'><strong>relinquatur</strong></span> <span class='ocrx_word' id='word_1_201' title='bbox 2506 2382 2745 2466; x_wconf 86' lang='lat' dir='ltr'><strong>aliquid</strong></span> <span class='ocrx_word' id='word_1_202' title='bbox 2796 2401 2898 2447; x_wconf 91' lang='lat' dir='ltr'><strong>er-</strong></span> 
     </span>
    </p>
   </div>
   <div class='ocr_carea' id='block_1_9' title="bbox 455 2550 878 2556">
    <p class='ocr_par' dir='ltr' id='par_1_10' title="bbox 455 2550 878 2556">
     <span class='ocr_line' id='line_1_28' title="bbox 455 2550 878 2556; baseline 0 0"><span class='ocrx_word' id='word_1_203' title='bbox 455 2550 878 2556; x_wconf 95' lang='lat' dir='ltr'><strong> </strong></span> 
     </span>
    </p>
   </div>
   <div class='ocr_carea' id='block_1_10' title="bbox 451 2648 2897 2809">
    <p class='ocr_par' dir='ltr' id='par_1_11' title="bbox 451 2648 2897 2809">
     <span class='ocr_line' id='line_1_29' title="bbox 451 2648 2897 2720; baseline -0.002 -16"><span class='ocrx_word' id='word_1_204' title='bbox 451 2650 792 2720; x_wconf 73' lang='lat' dir='ltr'><strong>effuqiuntur</strong></span> <span class='ocrx_word' id='word_1_205' title='bbox 829 2676 893 2695; x_wconf 81' lang='lat'><em>=</em></span> <span class='ocrx_word' id='word_1_206' title='bbox 934 2651 1101 2719; x_wconf 72' lang='lat' dir='ltr'><strong>„dari</strong></span> <span class='ocrx_word' id='word_1_207' title='bbox 1134 2666 1258 2704; x_wconf 87' lang='lat' dir='ltr'><strong>man</strong></span> <span class='ocrx_word' id='word_1_208' title='bbox 1294 2649 1432 2703; x_wconf 91' lang='lat' dir='ltr'><strong>doch</strong></span> <span class='ocrx_word' id='word_1_209' title='bbox 1468 2665 1658 2719; x_wconf 87' lang='lat' dir='ltr'><strong>sagen:</strong></span> <span class='ocrx_word' id='word_1_210' title='bbox 1699 2649 1824 2704; x_wconf 87' lang='lat' dir='ltr'><strong>Man</strong></span> <span class='ocrx_word' id='word_1_211' title='bbox 1862 2648 2081 2719; x_wconf 88' lang='lat' dir='ltr'><strong>entgeht</strong></span> <span class='ocrx_word' id='word_1_212' title='bbox 2115 2649 2355 2717; x_wconf 85' lang='lat' dir='ltr'><strong>ihnen“;</strong></span> <span class='ocrx_word' id='word_1_213' title='bbox 2395 2648 2497 2718; x_wconf 88' lang='lat' dir='ltr'><strong>vgl.</strong></span> <span class='ocrx_word' id='word_1_214' title='bbox 2539 2666 2605 2702; x_wconf 89' lang='lat' dir='ltr'><strong>zu</strong></span> <span class='ocrx_word' id='word_1_215' title='bbox 2640 2649 2781 2717; x_wconf 63' lang='lat'><strong>577.</strong></span> <span class='ocrx_word' id='word_1_216' title='bbox 2826 2679 2897 2687; x_wconf 87' lang='lat'><strong>—-</strong></span> 
     </span>
     <span class='ocr_line' id='line_1_30' title="bbox 454 2739 1722 2809; baseline -0.001 -15"><span class='ocrx_word' id='word_1_217' title='bbox 454 2739 591 2794; x_wconf 78' lang='lat' dir='ltr'><strong>certi</strong></span> <span class='ocrx_word' id='word_1_218' title='bbox 621 2739 934 2809; x_wconf 78' lang='lat' dir='ltr'><strong>quicquam]</strong></span> <span class='ocrx_word' id='word_1_219' title='bbox 975 2780 1006 2808; x_wconf 92' lang='lat'>„</span> <span class='ocrx_word' id='word_1_220' title='bbox 1024 2740 1112 2793; x_wconf 90' lang='lat' dir='ltr'><strong>ein</strong></span> <span class='ocrx_word' id='word_1_221' title='bbox 1147 2740 1386 2793; x_wconf 88' lang='lat' dir='ltr'><strong>sicherer</strong></span> <span class='ocrx_word' id='word_1_222' title='bbox 1421 2739 1656 2793; x_wconf 87' lang='lat' dir='ltr'><strong>Bestand</strong></span> <span class='ocrx_word' id='word_1_223' title='bbox 1673 2741 1722 2793; x_wconf 78' lang='grc'><strong>“.</strong></span> 
     </span>
    </p>
   </div>
   <div class='ocr_carea' id='block_1_11' title="bbox 1091 2881 2267 2950">
    <p class='ocr_par' dir='ltr' id='par_1_12' title="bbox 1091 2881 2267 2950">
     <span class='ocr_line' id='line_1_31' title="bbox 1091 2881 2267 2950; baseline -0.004 -12"><span class='ocrx_word' id='word_1_224' title='bbox 1091 2890 1246 2950; x_wconf 80' lang='lat' dir='ltr'><strong>„Dor</strong></span> <span class='ocrx_word' id='word_1_225' title='bbox 1280 2890 1408 2938; x_wconf 71' lang='lat' dir='ltr'><strong>&#39;rote</strong></span> <span class='ocrx_word' id='word_1_226' title='bbox 1445 2889 1690 2937; x_wconf 80' lang='lat' dir='ltr'><strong>entbohrt</strong></span> <span class='ocrx_word' id='word_1_227' title='bbox 1724 2889 1869 2936; x_wconf 81' lang='lat' dir='ltr'><strong>nicht</strong></span> <span class='ocrx_word' id='word_1_228' title='bbox 1883 2886 1931 2935; x_wconf 91' lang='lat'><strong>“.</strong></span> <span class='ocrx_word' id='word_1_229' title='bbox 2006 2882 2059 2950; x_wconf 68' lang='grc' dir='ltr'><strong>(ἓ</strong></span> <span class='ocrx_word' id='word_1_230' title='bbox 2095 2881 2267 2949; x_wconf 71' lang='grc'><strong>8711.)</strong></span> 
     </span>
    </p>
   </div>
   <div class='ocr_carea' id='block_1_12' title="bbox 454 2985 2947 4398">
    <p class='ocr_par' dir='ltr' id='par_1_13' title="bbox 454 2985 2918 3776">
     <span class='ocr_line' id='line_1_32' title="bbox 600 2985 2915 3060; baseline -0.003 -14"><span class='ocrx_word' id='word_1_231' title='bbox 600 3003 683 3046; x_wconf 85' lang='grc'><strong>87.</strong></span> <span class='ocrx_word' id='word_1_232' title='bbox 734 3008 856 3059; x_wconf 75' lang='lat' dir='ltr'><strong>erqo</strong></span> <span class='ocrx_word' id='word_1_233' title='bbox 901 2991 1088 3060; x_wconf 83' lang='lat' dir='ltr'><strong>etiam]</strong></span> <span class='ocrx_word' id='word_1_234' title='bbox 1141 2991 1382 3059; x_wconf 69' lang='lat' dir='ltr'><strong>Erganze</strong></span> <span class='ocrx_word' id='word_1_235' title='bbox 1419 2989 1810 3043; x_wconf 79' lang='lat' dir='ltr'><strong>concedendum</strong></span> <span class='ocrx_word' id='word_1_236' title='bbox 1847 2994 1937 3042; x_wconf 85' lang='lat' dir='ltr'><strong>est.</strong></span> <span class='ocrx_word' id='word_1_237' title='bbox 1995 3019 2062 3028; x_wconf 88' lang='lat'>—</span> <span class='ocrx_word' id='word_1_238' title='bbox 2117 3004 2316 3041; x_wconf 77' lang='lat' dir='ltr'><strong>nomen</strong></span> <span class='ocrx_word' id='word_1_239' title='bbox 2475 2985 2731 3055; x_wconf 78' lang='lat' dir='ltr'><strong>carendi]</strong></span> <span class='ocrx_word' id='word_1_240' title='bbox 2771 2985 2915 3052; x_wconf 87' lang='lat' dir='ltr'><strong>„das</strong></span> 
     </span>
     <span class='ocr_line' id='line_1_33' title="bbox 455 3074 2914 3149; baseline -0.002 -18"><span class='ocrx_word' id='word_1_241' title='bbox 455 3079 628 3147; x_wconf 88' lang='lat' dir='ltr'><strong>Wort,</strong></span> <span class='ocrx_word' id='word_1_242' title='bbox 666 3080 762 3133; x_wconf 91' lang='lat' dir='ltr'><strong>der</strong></span> <span class='ocrx_word' id='word_1_243' title='bbox 797 3080 1006 3149; x_wconf 81' lang='lat' dir='ltr'><strong>Begriff</strong></span> <span class='ocrx_word' id='word_1_244' title='bbox 1042 3082 1132 3147; x_wconf 90' lang='lat'><strong>(=</strong></span> <span class='ocrx_word' id='word_1_245' title='bbox 1167 3080 1334 3147; x_wconf 80' lang='lat' dir='ltr'><strong>notio)</strong></span> <span class='ocrx_word' id='word_1_246' title='bbox 1372 3095 1554 3133; x_wconf 84' lang='lat' dir='ltr'><strong>carere</strong></span> <span class='ocrx_word' id='word_1_247' title='bbox 1565 3080 1615 3131; x_wconf 80' lang='lat'><strong>“.</strong></span> <span class='ocrx_word' id='word_1_248' title='bbox 1660 3108 1724 3117; x_wconf 92' lang='lat'><em>-</em></span> <span class='ocrx_word' id='word_1_249' title='bbox 1774 3077 2043 3131; x_wconf 77' lang='lat' dir='ltr'><strong>desiderat</strong></span> <span class='ocrx_word' id='word_1_250' title='bbox 2076 3076 2310 3145; x_wconf 75' lang='lat' dir='ltr'><strong>requirit</strong></span> <span class='ocrx_word' id='word_1_251' title='bbox 2344 3075 2571 3144; x_wconf 75' lang='lat' dir='ltr'><strong>indiyet]</strong></span> <span class='ocrx_word' id='word_1_252' title='bbox 2612 3074 2914 3142; x_wconf 81' lang='lat' dir='ltr'><strong>„vermisst‚</strong></span> 
     </span>
     <span class='ocr_line' id='line_1_34' title="bbox 455 3163 2913 3238; baseline -0.001 -19"><span class='ocrx_word' id='word_1_253' title='bbox 455 3167 725 3237; x_wconf 80' lang='lat' dir='ltr'><strong>verlangt,</strong></span> <span class='ocrx_word' id='word_1_254' title='bbox 778 3169 1023 3222; x_wconf 79' lang='lat' dir='ltr'><strong>bedarf“.</strong></span> <span class='ocrx_word' id='word_1_255' title='bbox 1081 3200 1146 3209; x_wconf 81' lang='lat'><strong>-—</strong></span> <span class='ocrx_word' id='word_1_256' title='bbox 1203 3169 1366 3238; x_wconf 78' lang='lat' dir='ltr'><strong>caret]</strong></span> <span class='ocrx_word' id='word_1_257' title='bbox 1413 3170 1528 3222; x_wconf 86' lang='lat' dir='ltr'><strong>Ans</strong></span> <span class='ocrx_word' id='word_1_258' title='bbox 1564 3166 1803 3221; x_wconf 79' lang='lat' dir='ltr'><strong>carentis</strong></span> <span class='ocrx_word' id='word_1_259' title='bbox 1841 3171 2068 3235; x_wconf 72' lang='lat' dir='ltr'><strong>erganze</strong></span> <span class='ocrx_word' id='word_1_260' title='bbox 2106 3165 2301 3233; x_wconf 88' lang='lat' dir='ltr'><strong>„einer</strong></span> <span class='ocrx_word' id='word_1_261' title='bbox 2313 3167 2345 3195; x_wconf 73' lang='lat'><strong>‘⁴</strong></span> <span class='ocrx_word' id='word_1_262' title='bbox 2385 3165 2523 3234; x_wconf 75' lang='grc' dir='ltr'>(τὶς).</span> <span class='ocrx_word' id='word_1_263' title='bbox 2581 3195 2649 3203; x_wconf 89' lang='grc'>-</span> <span class='ocrx_word' id='word_1_264' title='bbox 2705 3163 2913 3229; x_wconf 86' lang='lat' dir='ltr'><strong>liberis,</strong></span> 
     </span>
     <span class='ocr_line' id='line_1_35' title="bbox 454 3252 2913 3327; baseline -0.002 -17"><span class='ocrx_word' id='word_1_265' title='bbox 454 3256 679 3326; x_wconf 77' lang='lat' dir='ltr'><strong>orbitas]</strong></span> <span class='ocrx_word' id='word_1_266' title='bbox 717 3257 956 3326; x_wconf 68' lang='lat' dir='ltr'><strong>Erganze</strong></span> <span class='ocrx_word' id='word_1_267' title='bbox 992 3257 1180 3311; x_wconf 85' lang='lat' dir='ltr'><strong>odiosa</strong></span> <span class='ocrx_word' id='word_1_268' title='bbox 1203 3257 1683 3327; x_wconf 82' lang='lat' dir='ltr'><strong>(„verwiinscht“).</strong></span> <span class='ocrx_word' id='word_1_269' title='bbox 1734 3288 1801 3296; x_wconf 96' lang='lat'><strong>—</strong></span> <span class='ocrx_word' id='word_1_270' title='bbox 1861 3256 2009 3310; x_wconf 75' lang='lat' dir='ltr'><strong>Valet</strong></span> <span class='ocrx_word' id='word_1_271' title='bbox 2045 3295 2058 3309; x_wconf 87' lang='lat'><strong>.</strong></span> <span class='ocrx_word' id='word_1_272' title='bbox 2081 3296 2092 3307; x_wconf 92' lang='lat'><strong>.</strong></span> <span class='ocrx_word' id='word_1_273' title='bbox 2116 3295 2127 3308; x_wconf 90' lang='lat'><strong>.</strong></span> <span class='ocrx_word' id='word_1_274' title='bbox 2166 3254 2260 3324; x_wconf 79' lang='lat' dir='ltr'><strong>in]</strong></span> <span class='ocrx_word' id='word_1_275' title='bbox 2300 3253 2445 3322; x_wconf 83' lang='lat' dir='ltr'><strong>„gilt</strong></span> <span class='ocrx_word' id='word_1_276' title='bbox 2470 3269 2574 3307; x_wconf 90' lang='lat' dir='ltr'><strong>von</strong></span> <span class='ocrx_word' id='word_1_277' title='bbox 2610 3252 2734 3323; x_wconf 85' lang='lat' dir='ltr'><strong>(bei)</strong></span> <span class='ocrx_word' id='word_1_278' title='bbox 2752 3254 2800 3304; x_wconf 85' lang='lat'><strong>“.</strong></span> <span class='ocrx_word' id='word_1_279' title='bbox 2840 3282 2913 3292; x_wconf 90' lang='lat'><strong>—-</strong></span> 
     </span>
     <span class='ocr_line' id='line_1_36' title="bbox 455 3341 2916 3416; baseline -0.002 -16"><span class='ocrx_word' id='word_1_280' title='bbox 455 3347 818 3416; x_wconf 65' lang='lat' dir='ltr'><strong>mori-acorum]</strong></span> <span class='ocrx_word' id='word_1_281' title='bbox 856 3346 955 3399; x_wconf 92' lang='lat' dir='ltr'><strong>mit</strong></span> <span class='ocrx_word' id='word_1_282' title='bbox 989 3346 1284 3416; x_wconf 81' lang='lat' dir='ltr'><strong>quisquam</strong></span> <span class='ocrx_word' id='word_1_283' title='bbox 1319 3364 1386 3400; x_wconf 86' lang='lat' dir='ltr'><strong>zu</strong></span> <span class='ocrx_word' id='word_1_284' title='bbox 1422 3346 1733 3401; x_wconf 85' lang='lat' dir='ltr'><strong>verbinden.</strong></span> <span class='ocrx_word' id='word_1_285' title='bbox 1795 3377 1859 3385; x_wconf 88' lang='lat'><em>-</em></span> <span class='ocrx_word' id='word_1_286' title='bbox 1917 3345 2017 3414; x_wconf 76' lang='lat' dir='ltr'><strong>qui</strong></span> <span class='ocrx_word' id='word_1_287' title='bbox 2049 3343 2198 3397; x_wconf 79' lang='lat' dir='ltr'><strong>nulli</strong></span> <span class='ocrx_word' id='word_1_288' title='bbox 2231 3343 2379 3412; x_wconf 76' lang='lat' dir='ltr'><strong>sunt]</strong></span> <span class='ocrx_word' id='word_1_289' title='bbox 2427 3341 2635 3396; x_wconf 69' lang='lat' dir='ltr'><strong>starker</strong></span> <span class='ocrx_word' id='word_1_290' title='bbox 2670 3341 2748 3395; x_wconf 87' lang='lat' dir='ltr'><strong>als</strong></span> <span class='ocrx_word' id='word_1_291' title='bbox 2797 3357 2916 3394; x_wconf 77' lang='lat' dir='ltr'><strong>mm</strong></span> 
     </span>
     <span class='ocr_line' id='line_1_37' title="bbox 454 3422 2915 3506; baseline -0.004 -13"><span class='ocrx_word' id='word_1_292' title='bbox 454 3443 598 3506; x_wconf 71' lang='lat' dir='ltr'><strong>sunt,</strong></span> <span class='ocrx_word' id='word_1_293' title='bbox 638 3436 767 3506; x_wconf 89' lang='lat' dir='ltr'><strong>„die</strong></span> <span class='ocrx_word' id='word_1_294' title='bbox 785 3422 959 3490; x_wconf 59' lang='lat' dir='ltr'><strong>&#39;keine</strong></span> <span class='ocrx_word' id='word_1_295' title='bbox 986 3435 1241 3490; x_wconf 84' lang='lat' dir='ltr'><strong>Existenz</strong></span> <span class='ocrx_word' id='word_1_296' title='bbox 1277 3436 1453 3490; x_wconf 89' lang='lat' dir='ltr'><strong>haben</strong></span> <span class='ocrx_word' id='word_1_297' title='bbox 1466 3438 1515 3504; x_wconf 75' lang='lat'><strong>⁴⁴,</strong></span> <span class='ocrx_word' id='word_1_298' title='bbox 1554 3452 1664 3490; x_wconf 86' lang='lat' dir='ltr'><strong>was</strong></span> <span class='ocrx_word' id='word_1_299' title='bbox 1702 3436 1839 3489; x_wconf 89' lang='lat' dir='ltr'><strong>oben</strong></span> <span class='ocrx_word' id='word_1_300' title='bbox 1864 3437 1916 3505; x_wconf 65' lang='grc' dir='ltr'><strong>(ξ</strong></span> <span class='ocrx_word' id='word_1_301' title='bbox 1935 3434 2024 3502; x_wconf 87' lang='grc'><strong>14)</strong></span> <span class='ocrx_word' id='word_1_302' title='bbox 2064 3432 2419 3501; x_wconf 87' lang='lat' dir='ltr'><strong>zugestanden</strong></span> <span class='ocrx_word' id='word_1_303' title='bbox 2457 3447 2582 3485; x_wconf 86' lang='lat' dir='ltr'><strong>war.</strong></span> <span class='ocrx_word' id='word_1_304' title='bbox 2625 3462 2689 3470; x_wconf 91' lang='lat'>—</span> <span class='ocrx_word' id='word_1_305' title='bbox 2728 3429 2915 3483; x_wconf 81' lang='lat' dir='ltr'><strong>corni·</strong></span> 
     </span>
     <span class='ocr_line' id='line_1_38' title="bbox 455 3520 2918 3597; baseline -0.004 -15"><span class='ocrx_word' id='word_1_306' title='bbox 455 3527 554 3582; x_wconf 80' lang='lat' dir='ltr'><strong>bus</strong></span> <span class='ocrx_word' id='word_1_307' title='bbox 590 3528 856 3597; x_wconf 82' lang='lat' dir='ltr'><strong>caremus]</strong></span> <span class='ocrx_word' id='word_1_308' title='bbox 895 3526 1035 3581; x_wconf 86' lang='lat' dir='ltr'><strong>nach</strong></span> <span class='ocrx_word' id='word_1_309' title='bbox 1071 3526 1191 3580; x_wconf 90' lang='lat' dir='ltr'><strong>dem</strong></span> <span class='ocrx_word' id='word_1_310' title='bbox 1229 3526 1383 3581; x_wconf 87' lang='lat' dir='ltr'><strong>Satze</strong></span> <span class='ocrx_word' id='word_1_311' title='bbox 1422 3525 1636 3581; x_wconf 81' lang='lat' dir='ltr'><strong>Ciceros</strong></span> <span class='ocrx_word' id='word_1_312' title='bbox 1670 3524 1813 3580; x_wconf 80' lang='lat' dir='ltr'><strong>inest</strong></span> <span class='ocrx_word' id='word_1_313' title='bbox 1838 3525 1964 3578; x_wconf 81' lang='lat' dir='ltr'><strong>velle</strong></span> <span class='ocrx_word' id='word_1_314' title='bbox 1989 3523 2057 3577; x_wconf 79' lang='lat' dir='ltr'><strong>in</strong></span> <span class='ocrx_word' id='word_1_315' title='bbox 2082 3522 2324 3589; x_wconf 79' lang='lat' dir='ltr'><strong>cavendo,</strong></span> <span class='ocrx_word' id='word_1_316' title='bbox 2363 3537 2615 3589; x_wconf 85' lang='lat' dir='ltr'><strong>wogegen</strong></span> <span class='ocrx_word' id='word_1_317' title='bbox 2652 3520 2781 3573; x_wconf 87' lang='lat' dir='ltr'><strong>aber</strong></span> <span class='ocrx_word' id='word_1_318' title='bbox 2816 3520 2918 3573; x_wconf 89' lang='lat' dir='ltr'><strong>der</strong></span> 
     </span>
     <span class='ocr_line' id='line_1_39' title="bbox 458 3609 2913 3686; baseline -0.004 -15"><span class='ocrx_word' id='word_1_319' title='bbox 458 3616 928 3686; x_wconf 88' lang='lat' dir='ltr'><strong>Sprachgebrauch</strong></span> <span class='ocrx_word' id='word_1_320' title='bbox 956 3616 1160 3686; x_wconf 89' lang='lat' dir='ltr'><strong>spricht</strong></span> <span class='ocrx_word' id='word_1_321' title='bbox 1195 3615 1359 3686; x_wconf 81' lang='lat' dir='ltr'><strong>(febri</strong></span> <span class='ocrx_word' id='word_1_322' title='bbox 1379 3632 1560 3669; x_wconf 83' lang='lat' dir='ltr'><strong>carere</strong></span> <span class='ocrx_word' id='word_1_323' title='bbox 1593 3632 1648 3668; x_wconf 92' lang='lat' dir='ltr'><strong>u.</strong></span> <span class='ocrx_word' id='word_1_324' title='bbox 1668 3617 1769 3683; x_wconf 69' lang='lat' dir='ltr'><strong>a.);</strong></span> <span class='ocrx_word' id='word_1_325' title='bbox 1806 3613 1954 3668; x_wconf 90' lang='lat' dir='ltr'><strong>siehe</strong></span> <span class='ocrx_word' id='word_1_326' title='bbox 1983 3612 2197 3669; x_wconf 89' lang='lat' dir='ltr'><strong>Ciceros</strong></span> <span class='ocrx_word' id='word_1_327' title='bbox 2226 3612 2410 3680; x_wconf 87' lang='lat' dir='ltr'><strong>eigene</strong></span> <span class='ocrx_word' id='word_1_328' title='bbox 2430 3609 2648 3679; x_wconf 84' lang='lat' dir='ltr'><strong>Angabe</strong></span> <span class='ocrx_word' id='word_1_329' title='bbox 2676 3610 2809 3679; x_wconf 62' lang='grc'>588.</span> <span class='ocrx_word' id='word_1_330' title='bbox 2843 3640 2913 3648; x_wconf 82' lang='grc'><strong>-</strong></span> 
     </span>
     <span class='ocr_line' id='line_1_40' title="bbox 467 3704 1168 3776; baseline 0.001 -18"><span class='ocrx_word' id='word_1_331' title='bbox 467 3704 615 3769; x_wconf 72' lang='lat' dir='ltr'><strong>Quid</strong></span> <span class='ocrx_word' id='word_1_332' title='bbox 647 3706 791 3776; x_wconf 72' lang='lat' dir='ltr'><strong>ita?]</strong></span> <span class='ocrx_word' id='word_1_333' title='bbox 831 3705 990 3773; x_wconf 90' lang='lat' dir='ltr'><strong>„Wie</strong></span> <span class='ocrx_word' id='word_1_334' title='bbox 1028 3706 1168 3759; x_wconf 82' lang='lat' dir='ltr'><strong>so?“</strong></span> 
     </span>
    </p>

    <p class='ocr_par' dir='ltr' id='par_1_14' title="bbox 458 3786 2947 4398">
     <span class='ocr_line' id='line_1_41' title="bbox 604 3786 2915 3865; baseline -0.005 -15"><span class='ocrx_word' id='word_1_335' title='bbox 604 3807 687 3851; x_wconf 86' lang='lat'><strong>88.</strong></span> <span class='ocrx_word' id='word_1_336' title='bbox 718 3796 1097 3865; x_wconf 68' lang='lat' dir='ltr'><strong>premendum]</strong></span> <span class='ocrx_word' id='word_1_337' title='bbox 1136 3795 1252 3862; x_wconf 88' lang='lat' dir='ltr'><strong>„ist</strong></span> <span class='ocrx_word' id='word_1_338' title='bbox 1287 3811 1356 3848; x_wconf 90' lang='lat' dir='ltr'><strong>zu</strong></span> <span class='ocrx_word' id='word_1_339' title='bbox 1390 3793 1649 3860; x_wconf 89' lang='lat' dir='ltr'><strong>betonen,</strong></span> <span class='ocrx_word' id='word_1_340' title='bbox 1701 3793 1892 3846; x_wconf 78' lang='lat' dir='ltr'><strong>darauf</strong></span> <span class='ocrx_word' id='word_1_341' title='bbox 1940 3791 2011 3845; x_wconf 93' lang='lat' dir='ltr'><strong>ist</strong></span> <span class='ocrx_word' id='word_1_342' title='bbox 2046 3790 2369 3846; x_wconf 89' lang='lat' dir='ltr'><strong>Nachdruck</strong></span> <span class='ocrx_word' id='word_1_343' title='bbox 2418 3806 2483 3842; x_wconf 91' lang='lat' dir='ltr'><strong>zu</strong></span> <span class='ocrx_word' id='word_1_344' title='bbox 2533 3788 2754 3857; x_wconf 85' lang='lat' dir='ltr'><strong>legen“,</strong></span> <span class='ocrx_word' id='word_1_345' title='bbox 2810 3786 2915 3840; x_wconf 85' lang='lat' dir='ltr'><strong>wie</strong></span> 
     </span>
     <span class='ocr_line' id='line_1_42' title="bbox 460 3876 2947 3953; baseline -0.003 -17"><span class='ocrx_word' id='word_1_346' title='bbox 460 3883 596 3937; x_wconf 90' lang='lat' dir='ltr'><strong>oben</strong></span> <span class='ocrx_word' id='word_1_347' title='bbox 633 3886 664 3953; x_wconf 64' lang='grc' dir='ltr'><strong>ξ</strong></span> <span class='ocrx_word' id='word_1_348' title='bbox 706 3886 798 3938; x_wconf 86' lang='lat'><strong>13:</strong></span> <span class='ocrx_word' id='word_1_349' title='bbox 858 3900 990 3951; x_wconf 87' lang='lat' dir='ltr'><strong>„me</strong></span> <span class='ocrx_word' id='word_1_350' title='bbox 1040 3883 1202 3938; x_wconf 90' lang='lat' dir='ltr'><strong>verbo</strong></span> <span class='ocrx_word' id='word_1_351' title='bbox 1250 3882 1511 3953; x_wconf 86' lang='lat' dir='ltr'><strong>premis“.</strong></span> <span class='ocrx_word' id='word_1_352' title='bbox 1569 3913 1638 3921; x_wconf 94' lang='lat'><strong>——</strong></span> <span class='ocrx_word' id='word_1_353' title='bbox 1691 3881 1860 3935; x_wconf 78' lang='lat' dir='ltr'><strong>etiam</strong></span> <span class='ocrx_word' id='word_1_354' title='bbox 1903 3886 2062 3949; x_wconf 79' lang='lat' dir='ltr'><strong>atque</strong></span> <span class='ocrx_word' id='word_1_355' title='bbox 2111 3879 2300 3948; x_wconf 77' lang='lat' dir='ltr'><strong>etiam]</strong></span> <span class='ocrx_word' id='word_1_356' title='bbox 2358 3877 2595 3944; x_wconf 91' lang='lat' dir='ltr'><strong>„immer</strong></span> <span class='ocrx_word' id='word_1_357' title='bbox 2644 3876 2844 3931; x_wconf 85' lang='lat' dir='ltr'><strong>wieder</strong></span> <span class='ocrx_word' id='word_1_358' title='bbox 2861 3878 2947 3941; x_wconf 83' lang='lat'><strong>“,·</strong></span> 
     </span>
     <span class='ocr_line' id='line_1_43' title="bbox 459 3965 2916 4041; baseline -0.003 -16"><span class='ocrx_word' id='word_1_359' title='bbox 459 3972 644 4041; x_wconf 77' lang='lat' dir='ltr'><strong>h‘aufig</strong></span> <span class='ocrx_word' id='word_1_360' title='bbox 678 3973 734 4025; x_wconf 93' lang='lat' dir='ltr'><strong>in</strong></span> <span class='ocrx_word' id='word_1_361' title='bbox 772 3973 878 4026; x_wconf 92' lang='lat' dir='ltr'><strong>den</strong></span> <span class='ocrx_word' id='word_1_362' title='bbox 913 3972 1159 4027; x_wconf 77' lang='lat' dir='ltr'><strong>Briefen:</strong></span> <span class='ocrx_word' id='word_1_363' title='bbox 1210 3973 1338 4027; x_wconf 86' lang='lat' dir='ltr'><strong>Vale</strong></span> <span class='ocrx_word' id='word_1_364' title='bbox 1372 3972 1542 4026; x_wconf 81' lang='lat' dir='ltr'><strong>etiam</strong></span> <span class='ocrx_word' id='word_1_365' title='bbox 1568 3976 1727 4040; x_wconf 78' lang='lat' dir='ltr'><strong>atque</strong></span> <span class='ocrx_word' id='word_1_366' title='bbox 1751 3969 1934 4023; x_wconf 77' lang='lat' dir='ltr'><strong>etiam.</strong></span> <span class='ocrx_word' id='word_1_367' title='bbox 1974 4000 2041 4009; x_wconf 82' lang='lat'>-</span> <span class='ocrx_word' id='word_1_368' title='bbox 2080 3968 2236 4038; x_wconf 79' lang='lat' dir='ltr'><strong>quin]</strong></span> <span class='ocrx_word' id='word_1_369' title='bbox 2275 3966 2517 4021; x_wconf 86' lang='lat' dir='ltr'><strong>schliel&#39;st</strong></span> <span class='ocrx_word' id='word_1_370' title='bbox 2551 3965 2666 4019; x_wconf 87' lang='lat' dir='ltr'><strong>sich</strong></span> <span class='ocrx_word' id='word_1_371' title='bbox 2703 3981 2772 4019; x_wconf 86' lang='lat' dir='ltr'><strong>an</strong></span> <span class='ocrx_word' id='word_1_372' title='bbox 2807 3965 2916 4018; x_wconf 89' lang='lat' dir='ltr'><strong>den</strong></span> 
     </span>
     <span class='ocr_line' id='line_1_44' title="bbox 458 4052 2912 4130; baseline -0.004 -14"><span class='ocrx_word' id='word_1_373' title='bbox 458 4061 783 4116; x_wconf 84' lang='lat' dir='ltr'><strong>Relativsatz</strong></span> <span class='ocrx_word' id='word_1_374' title='bbox 839 4078 931 4129; x_wconf 83' lang='lat' dir='ltr'><strong>an3</strong></span> <span class='ocrx_word' id='word_1_375' title='bbox 987 4077 1045 4115; x_wconf 87' lang='lat' dir='ltr'><strong>es</strong></span> <span class='ocrx_word' id='word_1_376' title='bbox 1099 4061 1254 4115; x_wconf 86' lang='lat' dir='ltr'><strong>sollte</strong></span> <span class='ocrx_word' id='word_1_377' title='bbox 1308 4061 1446 4115; x_wconf 87' lang='lat' dir='ltr'><strong>nach</strong></span> <span class='ocrx_word' id='word_1_378' title='bbox 1495 4064 1878 4130; x_wconf 76' lang='lat' dir='ltr'><strong>aryumentum</strong></span> <span class='ocrx_word' id='word_1_379' title='bbox 1926 4059 2024 4112; x_wconf 91' lang='lat' dir='ltr'><strong>der</strong></span> <span class='ocrx_word' id='word_1_380' title='bbox 2058 4058 2164 4112; x_wconf 68' lang='lat' dir='ltr'><strong>Ins.</strong></span> <span class='ocrx_word' id='word_1_381' title='bbox 2220 4057 2318 4110; x_wconf 89' lang='lat' dir='ltr'><strong>mit</strong></span> <span class='ocrx_word' id='word_1_382' title='bbox 2354 4056 2486 4110; x_wconf 71' lang='lat' dir='ltr'><strong>Akk.</strong></span> <span class='ocrx_word' id='word_1_383' title='bbox 2542 4054 2750 4123; x_wconf 78' lang='lat' dir='ltr'><strong>folgen3</strong></span> <span class='ocrx_word' id='word_1_384' title='bbox 2805 4052 2912 4121; x_wconf 83' lang='lat' dir='ltr'><strong>vgl.</strong></span> 
     </span>
     <span class='ocr_line' id='line_1_45' title="bbox 458 4140 2912 4222; baseline -0.005 -14"><span class='ocrx_word' id='word_1_385' title='bbox 458 4155 491 4222; x_wconf 66' lang='grc' dir='ltr'><strong>ξ</strong></span> <span class='ocrx_word' id='word_1_386' title='bbox 529 4154 611 4208; x_wconf 86' lang='grc'><strong>73.</strong></span> <span class='ocrx_word' id='word_1_387' title='bbox 670 4183 738 4192; x_wconf 92' lang='grc'><strong>--</strong></span> <span class='ocrx_word' id='word_1_388' title='bbox 792 4151 1037 4221; x_wconf 80' lang='lat' dir='ltr'><strong>suspicio</strong></span> <span class='ocrx_word' id='word_1_389' title='bbox 1084 4152 1297 4219; x_wconf 76' lang='lat' dir='ltr'><strong>sensus]</strong></span> <span class='ocrx_word' id='word_1_390' title='bbox 1351 4149 1643 4218; x_wconf 85' lang='lat' dir='ltr'><strong>„Gedanke</strong></span> <span class='ocrx_word' id='word_1_391' title='bbox 1693 4165 1761 4203; x_wconf 90' lang='lat' dir='ltr'><strong>an</strong></span> <span class='ocrx_word' id='word_1_392' title='bbox 1798 4147 2221 4217; x_wconf 85' lang='lat' dir='ltr'><strong>Empfindung“.</strong></span> <span class='ocrx_word' id='word_1_393' title='bbox 2278 4177 2346 4186; x_wconf 89' lang='lat'><strong>-—</strong></span> <span class='ocrx_word' id='word_1_394' title='bbox 2394 4144 2579 4214; x_wconf 82' lang='lat' dir='ltr'><strong>probe]</strong></span> <span class='ocrx_word' id='word_1_395' title='bbox 2632 4140 2912 4210; x_wconf 61' lang='lat' dir='ltr'><strong>„geboriffl</strong></span> 
     </span>
     <span class='ocr_line' id='line_1_46' title="bbox 462 4230 2912 4309; baseline -0.005 -15"><span class='ocrx_word' id='word_1_396' title='bbox 462 4241 832 4309; x_wconf 83' lang='lat' dir='ltr'><strong>ordentlich“;</strong></span> <span class='ocrx_word' id='word_1_397' title='bbox 871 4241 1012 4295; x_wconf 73' lang='lat' dir='ltr'><strong>oster</strong></span> <span class='ocrx_word' id='word_1_398' title='bbox 1046 4240 1146 4293; x_wconf 84' lang='lat' dir='ltr'><strong>mit</strong></span> <span class='ocrx_word' id='word_1_399' title='bbox 1180 4239 1333 4307; x_wconf 79' lang='lat' dir='ltr'><strong>scire,</strong></span> <span class='ocrx_word' id='word_1_400' title='bbox 1372 4256 1542 4307; x_wconf 77' lang='lat' dir='ltr'><strong>nosse,</strong></span> <span class='ocrx_word' id='word_1_401' title='bbox 1580 4238 1898 4293; x_wconf 82' lang='lat' dir='ltr'><strong>meminisse</strong></span> <span class='ocrx_word' id='word_1_402' title='bbox 1933 4236 2260 4291; x_wconf 82' lang='lat' dir='ltr'><strong>verbunden.</strong></span> <span class='ocrx_word' id='word_1_403' title='bbox 2300 4266 2367 4274; x_wconf 96' lang='lat'><strong>—</strong></span> <span class='ocrx_word' id='word_1_404' title='bbox 2403 4231 2778 4287; x_wconf 67' lang='lat' dir='ltr'><strong>mutiendum</strong></span> <span class='ocrx_word' id='word_1_405' title='bbox 2814 4230 2912 4299; x_wconf 77' lang='lat' dir='ltr'><strong>est]</strong></span> 
     </span>
     <span class='ocr_line' id='line_1_47' title="bbox 463 4318 2916 4398; baseline -0.003 -18"><span class='ocrx_word' id='word_1_406' title='bbox 463 4330 653 4395; x_wconf 73' lang='lat' dir='ltr'><strong>„muts</strong></span> <span class='ocrx_word' id='word_1_407' title='bbox 689 4346 813 4383; x_wconf 90' lang='lat' dir='ltr'><strong>man</strong></span> <span class='ocrx_word' id='word_1_408' title='bbox 850 4329 1277 4384; x_wconf 86' lang='lat' dir='ltr'><strong>untersuchen“.</strong></span> <span class='ocrx_word' id='word_1_409' title='bbox 1333 4360 1401 4368; x_wconf 94' lang='lat'>—</span> <span class='ocrx_word' id='word_1_410' title='bbox 1456 4328 1593 4398; x_wconf 81' lang='lat' dir='ltr'><strong>quid</strong></span> <span class='ocrx_word' id='word_1_411' title='bbox 1625 4326 1701 4382; x_wconf 74' lang='lat' dir='ltr'><strong>sit</strong></span> <span class='ocrx_word' id='word_1_412' title='bbox 1736 4328 1936 4395; x_wconf 83' lang='lat' dir='ltr'><strong>carere]</strong></span> <span class='ocrx_word' id='word_1_413' title='bbox 1990 4341 2148 4394; x_wconf 87' lang='lat' dir='ltr'><strong>„was</strong></span> <span class='ocrx_word' id='word_1_414' title='bbox 2193 4341 2374 4379; x_wconf 83' lang='lat' dir='ltr'><strong>carere</strong></span> <span class='ocrx_word' id='word_1_415' title='bbox 2417 4322 2739 4387; x_wconf 83' lang='lat' dir='ltr'><strong>bedeutet“;</strong></span> <span class='ocrx_word' id='word_1_416' title='bbox 2795 4318 2916 4373; x_wconf 87' lang='lat' dir='ltr'><strong>eine</strong></span> 
     </span>
    </p>
   </div>
  </div>
 </body>
</html>
