3221 4850
1297 293 1410 347 Lib.
1449 294 1492 361 1,
1531 309 1576 347 0.
1617 295 1845 348 17-18,
2724 288 2800 350 58

339 457 543 540 magis
593 474 785 539 quam
832 455 1104 521 dilucide
1152 456 1400 534 dicitur,
1457 457 1572 520 aut
1619 456 1845 537 quinta
1888 454 2001 519 illa
2045 473 2171 518 non
2214 454 2544 518 nominata
2590 453 2794 535 magis

342 583 537 646 quam
597 583 723 628 non
779 563 1106 628 intellecta
1163 565 1425 640 natura,
1485 563 1692 627 multo
1753 562 1949 627 etiam
2005 561 2349 643 integriora
2408 579 2484 625 ac
2541 560 2797 643 puriora

342 673 511 748 sunt,
557 673 633 735 ut
663 689 701 734 a
746 672 920 735 terra
950 670 1320 751 longissime
1367 688 1434 734 se
1483 668 1766 734 efferant.
1838 669 2087 732 Horum
2132 668 2327 750 igitur
2374 667 2614 749 aliquid
2660 668 2796 732 esto

341 778 620 855 animuS,
679 796 758 842 ne
806 778 943 840 tam
988 778 1216 858 vegeta
1260 795 1442 841 mens
1491 777 1605 841 aut
1649 776 1718 840 in
1764 775 1949 840 corde
1997 775 2328 840 cerebrove
2376 776 2491 839 aut
2534 775 2602 838 in
2647 775 2799 838 Em-

339 882 635 966 pedocleo
682 883 992 965 sanguine
1040 883 1332 947 demersa
1377 883 1600 947 iaceat.

519 990 982 1054 Dicaearchum
1013 1008 1159 1055 vero
1193 1009 1340 1054 cum
1370 991 1763 1067 Aristoxeno,
1811 989 2063 1071 aequali
2094 990 2160 1053 et
2190 988 2618 1071 condiscipulo
2665 1006 2799 1065 suo,
2819 989 2907 1052 18

342 1096 557 1161 doctos
592 1116 742 1162 sane
773 1097 1080 1175 homines,
1128 1098 1537 1171 omittamus;
1586 1116 1860 1180 quorum
1907 1098 2069 1162 alter
2104 1115 2185 1160 ne
2233 1095 2626 1161 condoluisse
2660 1095 2799 1176 qui-

342 1202 487 1268 dem
532 1223 843 1286 umquam
888 1204 1172 1282 videtur,
1232 1204 1345 1286 qui
1390 1205 1678 1269 animum
1733 1223 1801 1269 se
1846 1205 2080 1269 habere
2135 1222 2263 1267 non
2309 1203 2572 1279 sentiat,
2636 1202 2800 1266 alter

339 1311 432 1374 ita
463 1309 819 1375 delectatur
850 1311 983 1375 suis
1016 1312 1326 1388 cantibuS,
1367 1313 1444 1375 ut
1475 1330 1580 1376 eos
1614 1312 1810 1376 etiam
1843 1310 1922 1375 ad
1952 1311 2112 1375 haec
2141 1309 2485 1374 transferre
2520 1309 2798 1373 conetur.

340 1416 758 1481 Harmoniam
806 1420 1024 1481 autem
1071 1437 1143 1481 ex
1177 1418 1531 1482 intervallis
1572 1436 1872 1482 sonorum
1901 1436 2087 1482 nosse
2118 1434 2480 1500 possumne,
2527 1434 2800 1497 quorum

333 1523 510 1586 varia
556 1523 925 1606 compositio
972 1524 1169 1588 etiam
1212 1525 1578 1588 harmonias
1628 1524 1821 1589 efficit
1865 1524 2122 1607 plures;
2170 1524 2602 1588 membrorum
2647 1540 2796 1586 vero

335 1629 498 1694 situs
564 1632 630 1693 et
687 1629 895 1712 figura
964 1631 1239 1714 corporis
1298 1650 1533 1695 vacans
1605 1631 1817 1695 animo
1880 1650 2075 1713 quam
2134 1631 2339 1714 possit
2396 1629 2796 1693 harmoniam

336 1734 581 1801 efficere
601 1784 616 1814 ,
661 1755 789 1800 non
833 1737 1034 1802 video.
1128 1736 1254 1802 Sed
1299 1738 1404 1803 hic
1451 1737 1739 1820 quidem,
1788 1737 2080 1820 quamvis
2127 1736 2417 1803 eruditus
2466 1737 2585 1814 sit,
2633 1735 2800 1801 sicut

336 1844 465 1919 est,
493 1822 671 1907 'haec
714 1844 1024 1925 magistro
1071 1844 1377 1909 concedat
1421 1845 1777 1921 Aristoteli,
1834 1863 2058 1909 canere
2103 1844 2239 1928 ipse
2288 1844 2530 1909 doceat.
2618 1843 2797 1908 Bene

335 1949 506 2013 enim
550 1950 660 2015 illo
709 1949 1098 2015 Graecorum
1142 1952 1472 2034 proverbio
1518 1952 1940 2035 praecipitur:

560 2072 809 2153 Quam
857 2075 1212 2157 quisque
1259 2076 1483 2139 norit
1530 2074 1818 2153 artem,
1863 2077 1942 2139 in
1988 2076 2138 2140 hac
2186 2094 2265 2140 se
2314 2075 2714 2141 exerceat.

333 2187 762 2227 ——fi—

480 2316 563 2358 41.
600 2303 706 2357 illa
739 2320 854 2357 non
888 2303 1180 2358 nominata
1213 2303 1395 2373 mayis
1423 2321 1590 2372 quam
1625 2321 1740 2358 non
1773 2304 2043 2358 intellecta
2077 2305 2303 2374 natura]
2343 2304 2512 2374 ,,]’6116
2549 2302 2787 2373 weniger

332 2391 643 2447 unfal'sbare
679 2391 758 2447 als
794 2393 1139 2448 unbenannte
1175 2393 1555 2464 Wesenheit“,
1593 2396 1773 2464 spater
1806 2395 2002 2465 quinta
2035 2394 2269 2450 essentia
2305 2393 2382 2464 (in
2418 2394 2516 2448 der
2550 2392 2785 2448 Weiter-

335 2482 725 2552 entwickelung
759 2498 927 2536 unser
962 2483 1449 2553 „Quintessenz“).
1523 2483 1841 2538 Aristoteles
1890 2487 2060 2538 nennt
2096 2500 2154 2538 es
2192 2491 2453 2560 πέμπτον
2489 2490 2645 2555 γένος
2683 2496 2792 2539 τῶν

337 2579 626 2644 στοιχείων
661 2572 792 2625 oder
828 2585 1049 2647 πρῶτον
1086 2586 1250 2647 σῶμα
1288 2573 1418 2627 oder
1452 2577 1638 2644 πρώτη
1668 2578 1847 2641 οὐσία,
1886 2573 2022 2628 auch
2063 2577 2244 2648 αἰθὴρ,
2283 2572 2412 2627 aber
2446 2572 2503 2625 in
2540 2573 2794 2627 auderem

335 2659 501 2714 Sinne
538 2660 618 2714 als
655 2660 853 2714 andere
891 2660 1266 2730 Philosophen.
1307 2693 1370 2702 —
1411 2662 1717 2731 ivueyriora
1745 2704 1757 2716 .
1782 2704 1827 2716 ..
1857 2664 2007 2733 sunt]
2047 2662 2214 2730 „sind
2242 2662 2419 2717 edlere
2447 2662 2687 2716 Stoffe“.
2726 2694 2798 2702 —

335 2750 463 2818 esto]
504 2750 603 2803 wie
642 2748 728 2802 bei
765 2748 1082 2803 Aristoteles
1118 2749 1305 2819 haufig
1341 2753 1481 2806 ἔστω
1528 2790 1562 2818 ,,
1579 2766 1638 2805 66
1674 2750 1776 2805 6011
1811 2752 1926 2805 66111
1975 2753 2089 2821 (fiir
2123 2752 2275 2820 uns),
2323 2751 2425 2805 wir
2459 2751 2654 2805 wollen
2703 2767 2798 2804 an·-

334 2837 572 2890 nehmen
590 2840 640 2891 “.
698 2868 767 2876 -
822 2854 891 2891 ne
929 2878 976 2891 ..
998 2878 1010 2891 .
1047 2838 1244 2908 iaceat]
1284 2838 1370 2892 ein
1407 2839 1674 2893 Finalsatz
1711 2839 1812 2894 wie
1849 2857 1916 2893 ne
1944 2841 2133 2910 plures
2162 2858 2461 2910 persequar
2470 2859 2489 2906 ;
2529 2840 2707 2894 iaceat
2741 2839 2798 2893 in

339 2926 437 2979 der
486 2926 756 2980 beliebten
803 2925 1098 2981 konkreten
1132 2928 1606 2982 Ausdrucksweise
1644 2929 1738 2983 des
1774 2929 2081 2984 Lateiners:
2131 2947 2200 2983 ne
2246 2929 2677 2984 existimandum
2725 2929 2801 2982 sit

337 3015 528 3083 iacere,
568 3055 600 3083 „
617 3031 772 3068 wenn
809 3015 961 3070 nicht
995 3016 1292 3085 vergraben
1327 3016 1503 3085 liegen
1540 3016 1640 3070 soll
1656 3019 1719 3086 “3
1758 3017 1863 3087 vgl.
1904 3036 1974 3072 zu
2010 3018 2042 3086 ξ
2084 3020 2151 3074 15
2186 3018 2296 3072 und
2339 3021 2419 3073 16.
2477 3049 2545 3058 —
2601 3017 2798 3086 Empe-

337 3103 514 3158 docleo
548 3104 839 3173 sanquine]
878 3105 994 3158 sieh
1031 3105 1170 3159 oben
1207 3122 1274 3158 zu
1308 3106 1638 3175 sanquinem
1674 3107 1828 3160 conii
1860 3107 2139 3175 suffusum
2150 3126 2169 3172 ;
2209 3108 2451 3161 demersa
2486 3106 2663 3161 iaceat
2699 3105 2801 3159 wie

335 3192 573 3260 neylecta
610 3192 802 3246 iaceat.

475 3334 632 3403 Καρ.
677 3336 775 3393 18.
864 3334 1269 3390 Dicaearchum
1306 3378 1317 3389 .
1356 3377 1368 3389 .
1406 3377 1418 3389 .
1457 3353 1584 3390 eum
1620 3336 1962 3408 Aristomeno]
2014 3338 2132 3391 61611
2168 3355 2234 3392 zu
2284 3339 2317 3406 ξ
2356 3340 2426 3393 20
2438 3339 2503 3392 11.
2555 3369 2622 3378 -
2672 3354 2803 3392 con·

335 3422 594 3492 doluisse]
633 3422 888 3478 Schmerz
924 3425 1037 3478 und
1064 3425 1199 3479 Lust
1233 3424 1321 3478 die
1348 3424 1687 3495 wichtigsten
1714 3425 1952 3480 Affekte.
1992 3458 2059 3466 -
2097 3428 2219 3481 suis
2255 3427 2529 3497 cantibus]
2565 3426 2652 3480 die
2678 3427 2796 3481 sein

332 3509 528 3564 Metier
564 3511 698 3564 sind.
738 3542 807 3552 —
844 3512 920 3566 ad
953 3512 1103 3582 haec]
1144 3513 1432 3582 „hierher,
1471 3514 1565 3568 auf
1601 3514 1688 3568 die
1725 3515 2195 3583 metaphysischen
2230 3515 2502 3583 Fragen“.
2543 3545 2610 3554 --
2648 3514 2797 3569 Har-

332 3598 618 3653 moniam.
641 3641 654 3653 .
677 3641 688 3653 .
710 3606 758 3654 et
783 3600 1110 3671 intervallis]
1140 3601 1242 3655 Die
1269 3602 1599 3656 Intervallen
1628 3602 1958 3657 bezeichnen
1984 3604 2133 3658 nicht
2158 3603 2297 3659 bloss
2324 3604 2410 3657 die
2428 3603 2803 3659 Zeitabstiinde

335 3687 711 3758 (Rhythmus),
762 3690 995 3743 sondern
1045 3691 1182 3744 auch
1219 3690 1304 3745 die
1343 3691 1615 3745 Abstande
1651 3692 1710 3744 in
1745 3693 1843 3747 der
1878 3692 2206 3762 Hohenlage.
2264 3724 2332 3733 —-
2385 3693 2551 3747 varia
2584 3711 2798 3764 compo-

331 3777 464 3831 sitio
499 3777 826 3832 harmonias
875 3779 1048 3848 efsieit
1084 3780 1296 3849 plures]
1348 3780 1525 3835 Selbst
1573 3781 1667 3835 fiir
1715 3782 1802 3835 die
1849 3782 2120 3837 kunstvoll
2166 3783 2384 3851 gefiigte
2421 3782 2568 3837 Rede
2616 3784 2798 3838 stellte

332 3881 458 3918 man
503 3866 560 3918 in
605 3866 783 3921 dieser
818 3867 934 3922 Zeit
975 3869 1361 3923 verschiedene
1401 3873 1665 3945 ἁρμονίαι
1709 3871 1818 3925 fest
1867 3873 1921 3940 („
1936 3870 2096 3940 glatt,
2143 3872 2302 3941 rauh,
2340 3871 2686 3941 gemischt“).
2729 3903 2794 3912 ——

332 3954 697 4008 membrorum
741 3956 884 4010 situs
928 3961 977 4010 et
1021 3957 1230 4028 fiyura]
1287 3971 1397 4014 τῶν
1442 3963 1629 4014 κώλων
1677 3964 1829 4023 τάξις
1875 3966 1971 4016 καὶ
2017 3965 2433 4036 σχηματισμός,
2492 3961 2797 4030 „Ordnung

334 4039 727 4112 (Reihenfolge)
764 4044 874 4098 und
913 4044 1227 4115 Gestaltung
1262 4046 1361 4100 der
1388 4046 1604 4102 Glieder
1617 4049 1676 4116 “3
1714 4047 2018 4117 Rhythmus
2054 4049 2163 4103 und
2199 4050 2490 4104 Harmonie
2526 4050 2620 4104 hat
2656 4050 2796 4104 auch

339 4130 436 4184 das
471 4130 762 4200 plastisohe
799 4133 1142 4188 Kunstwerk.
1190 4166 1259 4175 -—-
1307 4136 1454 4190 sicut
1486 4138 1585 4207 est]
1626 4137 1777 4206 „wie
1814 4153 1875 4191 er
1912 4154 1970 4191 es
2007 4138 2321 4193 tatsiichlich
2358 4138 2488 4192 ist“.
2542 4169 2609 4179 —
2658 4139 2811 4209 haec]

331 4218 437 4273 wie
475 4219 611 4274 oben
647 4221 725 4275 ad
755 4221 902 4276 haee.
941 4253 1011 4264 —
1070 4223 1260 4290 Quam
1287 4224 1535 4294 quisque]
1574 4226 1715 4279 nach
1752 4225 2137 4296 Aristophanes
2174 4227 2404 4297 (Vespae
2443 4228 2604 4296 1431)
2642 4231 2796 4304 ἔρδοι.

330 4308 569 4378 (,,1ῑυ11“)
608 4331 690 4373 τις
725 4312 792 4380 ἣν
827 4312 1056 4375 ἕκαστος
1092 4314 1263 4383 εἰδείη
1300 4320 1520 4386 τέχνην;
1557 4313 1665 4383 vgl.
1693 4320 1846 4369 sutor
1879 4332 1948 4369 ne
1981 4316 2130 4369 ultra
2167 4317 2446 4385 crepidam
2482 4316 2758 4387 (Leisten).
