3221 4850
479 342 584 402 108
1272 341 1689 397 Tusculanarum
1726 341 2138 411 disputationum

476 506 719 570 cantur.
812 504 984 569 Nota
1017 503 1234 569 fabula
1266 506 1381 570 est.
1460 504 1623 570 Cum
1671 505 1839 568 enim
1886 504 2064 568 illam
2113 504 2192 568 ad
2243 504 2547 569 sollemne
2593 507 2659 569 et
2691 506 2937 569 statum

477 611 859 677 sacrificium
920 630 1113 677 curru
1160 612 1304 677 vehi
1361 612 1462 676 ius
1525 614 1695 677 esset
1742 612 1900 676 satis
1946 612 2133 693 longe
2181 612 2260 676 ab
2309 610 2535 695 oppido
2584 610 2666 675 ad
2711 610 2933 675 fanum

475 720 1006 801 morarenturque
1076 719 1396 795 iumenta,
1466 720 1609 783 tum
1668 719 1927 783 iuvenes
1987 718 2062 794 ii,
2135 736 2292 798 quos
2352 717 2539 782 modo
2598 719 2942 788 nominavi,

476 826 654 890 veste
701 825 910 909 posita
945 844 1206 909 corpora
1253 826 1388 890 oleo
1435 827 1886 908 perunxerunt,
1933 825 2015 889 ad
2060 824 2285 905 iugum
2333 828 2755 888 accesserunt.
2827 824 2935 888 Ita

478 932 774 997 sacerdos
837 932 1104 997 advecta
1170 932 1238 996 in
1306 931 1560 1009 fanum,
1631 950 1776 996 cum
1849 950 2073 996 currus
2144 932 2316 994 esset
2384 930 2615 995 ductus
2679 950 2716 995 a
2769 931 2934 1008 filim,

478 1040 738 1122 precata
786 1058 824 1103 a
871 1038 990 1103 dea
1048 1039 1310 1116 dicitur,
1378 1041 1455 1104 ut
1510 1038 1638 1102 illis
1695 1038 1962 1122 praemii
2022 1037 2204 1103 daret
2261 1056 2375 1121 pro
2434 1038 2705 1121 pietate,
2766 1038 2936 1119 quod

477 1145 829 1211 maximum
888 1145 1134 1210 homini
1194 1144 1331 1210 dari
1388 1147 1607 1229 posset
1667 1164 1705 1209 a
1751 1145 1900 1221 deo;
1970 1146 2116 1228 post
2176 1145 2466 1228 epulatos
2530 1164 2676 1209 cum
2730 1147 2938 1210 matre

359 1272 452 1313 ιιι
481 1251 922 1317 adulescentes
971 1271 1192 1317 somno
1239 1271 1306 1316 se
1355 1251 1635 1330 dedisse,
1679 1271 1866 1316 mane
1912 1252 2203 1316 inventos
2252 1271 2391 1316 esse
2438 1254 2743 1317 mortuos.
2836 1251 2940 1317 Si-

303 1359 310 1365 “
478 1359 617 1423 mili
677 1359 1037 1443 precatione
1082 1358 1478 1443 Trophonius
1538 1361 1604 1424 et
1649 1359 2008 1441 Agamedes
2064 1359 2165 1423 usi
2213 1358 2545 1434 dicuntur;
2619 1360 2727 1441 qui
2788 1378 2939 1423 cum

480 1466 758 1550 Apollini
800 1453 1066 1549 Delphis
1126 1466 1439 1550 templum
1488 1466 2086 1543 exaedificavissent,
2132 1468 2508 1531 venerantes
2541 1465 2732 1530 deum
2777 1467 2946 1549 peti-

480 1574 713 1638 verunt
758 1573 1117 1639 mercedem
1163 1592 1292 1637 non
1337 1591 1603 1657 parvam
1653 1573 1910 1656 quidem
1958 1573 2161 1656 operis
2210 1573 2276 1637 et
2318 1572 2552 1637 laboris
2599 1573 2716 1650 sui,
2775 1572 2940 1637 nihil

482 1680 671 1757 certi,
733 1679 842 1743 sed
892 1671 1058 1762 quod
1107 1682 1279 1745 esset
1325 1681 1640 1763 optimum
1682 1680 1943 1745 homini.
2036 1678 2282 1758 Quibus
2329 1680 2553 1763 Apollo
2601 1699 2667 1744 se
2714 1678 2778 1743 id
2826 1679 2944 1743 da-

482 1788 701 1850 turum
736 1786 1015 1851 ostendit
1044 1788 1192 1870 post
1237 1787 1375 1852 eius
1423 1787 1547 1852 diei
1594 1788 1763 1852 diem
1810 1786 2109 1862 tertium;
2159 1787 2270 1868 qui
2300 1788 2375 1850 ut
2405 1786 2652 1863 inluxit,
2696 1786 2940 1850 mortui

483 1894 636 1957 sunt
694 1893 948 1975 reperti.
1048 1892 1436 1958 Iudicavisse
1499 1893 1691 1958 deum
1752 1893 1996 1971 dicunt,
2066 1894 2133 1958 et
2201 1912 2348 1957 eum
2413 1892 2670 1975 quidem
2728 1892 2949 1970 deum,

375 2002 462 2064 48
484 2001 587 2064 cui
618 2000 848 2081 reliqui
879 2000 944 2064 di
990 2001 1467 2079 concessissent,
1513 2002 1589 2065 ut
1634 2004 1886 2084 praeter
1931 2003 2172 2065 ceteros
2216 1999 2546 2064 divinaret.
2636 1998 2953 2064 Adfertur

485 2108 680 2172 etiam
730 2108 807 2171 de
858 2106 1068 2172 Sileno
1115 2107 1348 2172 fabella
1396 2107 1742 2190 quaedam3
1806 2108 1917 2190 qui
1962 2126 2109 2172 cum
2157 2125 2195 2171 a
2239 2106 2418 2172 Mida
2478 2107 2703 2190 captus
2751 2109 2951 2184 esset,

482 2214 602 2278 hoc
635 2212 694 2277 ei
723 2214 1008 2277 muneris
1054 2233 1167 2297 pro
1215 2233 1333 2278 sua
1377 2214 1678 2282 missione
1727 2213 1975 2278 dedisse
2024 2214 2352 2278 scribitur:
2402 2213 2688 2279 docuisse
2721 2232 2949 2295 regem

483 2461 640 2530 dippe
679 2461 808 2514 oder
834 2461 1046 2515 Theano
1086 2459 1169 2513 bei
1196 2459 1471 2527 Spateren.
1511 2493 1579 2500 —
1616 2461 1843 2529 statum]
1885 2461 2327 2529 ‚,feststehend“,
2365 2461 2508 2515 Part.
2549 2477 2615 2514 zu
2642 2461 2846 2514 sistere.
2879 2492 2959 2501 —

484 2552 574 2604 ius
609 2551 761 2619 esset]
801 2548 1248 2619 „gesetzmiil'sige
1285 2548 1656 2617 Bestimmung
1689 2565 1804 2602 war
1816 2552 1866 2617 ⁶⁴,
1921 2552 2093 2623 νόμος
2129 2551 2415 2623 (νόμιμον)
2454 2550 2549 2620 ἦνς
2599 2590 2630 2617 „
2644 2552 2761 2606 ἔδεε
2800 2555 2956 2605 πάν-

487 2641 629 2701 τως“
669 2638 755 2692 bei
792 2638 1045 2692 Herodot.
1084 2669 1151 2677 —
1199 2638 1274 2692 ad
1306 2637 1527 2708 fanum]
1580 2638 1678 2691 der
1713 2638 1963 2692 Artemis.
2017 2670 2084 2678 —
2138 2644 2200 2692 ut
2234 2638 2355 2692 illis
2384 2638 2668 2708 praemii]
2698 2639 2969 2708 praemii

484 2727 746 2796 abhangig
781 2744 888 2781 von
925 2727 1051 2781 dem
1085 2726 1374 2796 folgenden
1411 2726 1735 2781 Relativsatz
1772 2728 1937 2796 quod:
1978 2768 2009 2797 ,,
2025 2744 2092 2782 an
2130 2727 2250 2796 (als)
2278 2727 2393 2781 Bel.
2430 2728 2581 2797 gebo,
2620 2732 2798 2795 was“;
2837 2729 2958 2797 vgl.

482 2818 599 2872 Tac.
631 2816 808 2870 Germ.
836 2832 949 2884 cap.
981 2818 1074 2872 15:
1115 2832 1273 2884 „mos
1312 2819 1394 2871 est
1555 2817 1802 2870 conferre
1963 2818 2196 2886 frugum,
2236 2817 2375 2885 quod
2414 2858 2426 2870 .
2451 2858 2498 2871 ..
2537 2816 2969 2871 necessitatibus

483 2905 733 2960 subvenit
746 2908 793 2958 “.
834 2937 903 2945 —-
933 2906 1141 2975 posita]
1182 2946 1214 2974 ‚,
1229 2906 1369 2959 nach
1403 2905 1745 2974 Ablegung“.
1787 2937 1853 2945 ——
1905 2906 1982 2960 ad
2014 2906 2210 2973 iuqum
2245 2907 2601 2975 accesserunt]
2641 2908 2968 2970 ὑποδύντες

486 2998 644 3050 αὐτοὶ
686 2998 794 3050 ὑπὸ
830 2998 927 3064 τὴν
964 2999 1199 3066 ζεύγλην.
1240 3026 1307 3034 -
1344 2995 1486 3063 quod
1517 2995 1853 3063 maximum]
1895 2994 2048 3061 „Das
2077 2994 2333 3061 Hochste‚
2372 3009 2481 3048 was
2520 3035 2532 3047 .
2556 3035 2567 3047 .
2592 2999 2659 3047 .“.
2700 3025 2766 3033 -—
2798 2998 2965 3065 post}

488 3109 551 3128 =
582 3089 786 3152 postea,
820 3084 1059 3152 posthac.

636 3185 750 3225 ιη.
782 3171 1095 3240 precatione
1253 3172 1375 3242 usi]
1415 3172 1584 3240 „eine
1621 3171 1765 3225 Bitte
1926 3171 2140 3240 gestellt
2175 3171 2349 3225 haben
2364 3176 2413 3225 “.
2465 3202 2531 3212 —
2588 3171 2967 3241 Trophonius}

485 3260 631 3314 Sohn
667 3261 764 3313 des
804 3260 1031 3328 Erginus
1067 3278 1173 3315 von
1211 3260 1599 3329 Orchomenos3
1638 3262 1754 3315 sein
1791 3261 2000 3316 Bruder
2036 3262 2330 3330 Agamedes
2370 3262 2698 3315 unterstiitzt
2733 3260 2848 3312 ihn.
2883 3292 2966 3301 —

485 3348 663 3418 operi-9
711 3353 760 3401 et
807 3348 1032 3419 laboris]
1089 3350 1228 3416 „fiir
1276 3350 1393 3403 ihre
1441 3349 1699 3418 Leistung
1745 3351 1853 3403 und
1907 3350 2135 3417 Mfihe“‚
2192 3350 2516 3418 Synonyma.
2575 3381 2641 3389 —
2697 3349 2971 3419 ostendit]

486 3437 879 3505 ,.bedeutete“,
945 3438 1261 3493 absichtlich
1312 3438 1508 3492 dunkel
1565 3439 1935 3507 ausgedriickt.
1999 3471 2066 3478 —
2124 3444 2249 3507 post
2301 3438 2422 3492 eius
2474 3438 2590 3492 diei
2641 3438 2787 3492 diem
2844 3443 2969 3491 ter-

485 3527 648 3596 tium]
701 3566 733 3594 „
748 3543 835 3581 am
883 3526 1275 3581 iiberniichsten
1310 3527 1417 3596 Tag
1434 3531 1482 3580 “.
1535 3560 1603 3567 -
1659 3527 1993 3582 Iudicavi-sse
2040 3528 2220 3597 deum]
2272 3526 2544 3596 Stellung!
2597 3526 2777 3595 „Eine
2814 3526 2975 3579 Ent-

486 3615 779 3683 scheidung
814 3615 951 3669 habe
989 3615 1156 3670 damit
1190 3616 1289 3669 der
1325 3617 1450 3670 Gott
1484 3616 1796 3685 gegeben“;
1847 3632 1905 3670 so
1943 3617 2081 3670 auch
2118 3617 2253 3670 oben
2288 3616 2509 3670 iudicia
2541 3616 2634 3683 (-—-—
2672 3632 2759 3668 res
2794 3614 2975 3668 iudi-

485 3708 675 3772 catae).
714 3736 782 3744 -—
834 3706 1237 3772 concessissent,
1275 3710 1337 3758 ut
1363 3711 1581 3774 praeter
1616 3707 1830 3774 eeteros]
1871 3721 2014 3774 „vor
2049 3706 2153 3758 den
2190 3705 2425 3760 anderen
2464 3745 2475 3756 .
2500 3745 2510 3757 .
2535 3745 2546 3757 .
2587 3704 2981 3772 zugestanden

485 3791 672 3846 hatten
686 3796 736 3845 ⁴⁴.

629 3915 782 3984 Kal).
824 3917 926 3974 48.
1001 3917 1062 3970 de
1092 3917 1296 3987 Sileno]
1334 3917 1456 3987 Vgl.
1495 3918 1630 3972 iiber
1664 3918 1889 3986 SilenuS,
1927 3919 2031 3972 den
2059 3920 2234 3972 steten
2260 3917 2529 3988 Begleiter
2562 3919 2657 3971 des
2685 3917 2981 3987 Bacchus,

487 4004 641 4074 ovid,
680 4005 805 4059 Met.
835 4005 935 4072 XI,
965 4007 1062 4061 90:
1101 4008 1221 4074 „At
1247 4006 1458 4061 Silenus
1495 4007 1659 4061 abest.
1721 4007 2057 4062 Titubantem
2093 4008 2437 4078 („wanken“)
2475 4006 2734 4076 annisque
2771 4022 2986 4061 mero-

487 4110 591 4164 que
642 4095 650 4163 Ι
699 4092 982 4148 Ruricolae
1021 4110 1212 4163 cepere
1249 4095 1491 4165 Phryges
1527 4097 1875 4166 vinctumque
1924 4096 2132 4150 coronis
2182 4099 2191 4165 Ι
2241 4096 2325 4151 Ad
2361 4112 2540 4165 regem
2592 4098 2805 4148 traxere
2847 4094 2979 4149 Mi-

486 4184 592 4238 dan
613 4223 624 4236 .
649 4223 661 4236 .
683 4185 749 4236 .“.
799 4183 952 4237 Nach
978 4183 1319 4253 zehnt'agiger
1344 4185 1526 4239 Feier:
1567 4186 1733 4254 „Rex
1762 4186 1910 4240 venit
1947 4189 2002 4240 et
2038 4185 2222 4240 iuveni
2249 4185 2491 4240 Silenum
2527 4183 2701 4237 reddit
2728 4183 2983 4238 alumno

489 4271 631 4341 (dem
666 4271 869 4341 jungen
905 4271 1208 4341 Dionysos).
1284 4273 1424 4326 Huic
1460 4274 1592 4328 deus
1631 4275 1844 4343 optandi
1880 4277 2106 4344 gratum,
2146 4276 2241 4329 sed
2277 4273 2467 4327 inutile
2503 4273 2635 4328 fecit
2664 4275 2674 4342 Ι
2705 4272 2980 4328 Muneris

490 4357 763 4412 arbitrium
781 4363 812 4390 ‘²
853 4362 954 4413 etc.
996 4390 1062 4400 -
1100 4361 1156 4414 ei
1180 4380 1286 4430 pro
1320 4379 1427 4415 sua
1462 4363 1746 4432 missione]
1786 4364 1944 4432 „ihm
1980 4365 2073 4416 fiir
2109 4364 2257 4417 scine
2285 4363 2653 4430 Entlassung“
2695 4361 2827 4431 (und
2862 4361 2991 4416 das
