3221 4850
425 369 497 430 ‘16
1221 369 1639 425 Tusculanarum
1674 370 2089 439 disputationum

425 531 881 597 divinationem
940 532 1174 597 habere
1233 532 1570 597 videantur
1586 581 1601 611 ,
1664 550 1792 615 qua
1846 532 2250 616 providentes
2266 580 2283 609 ‚
2348 532 2500 615 quid
2555 532 2622 595 in
2680 533 2896 596 morte

423 639 574 703 boni
619 639 722 715 sit,
768 657 916 703 cum
963 641 1158 703 cantu
1206 641 1273 704 et
1316 639 1644 723 voluptate
1689 628 2065 716 moriantur,
2112 639 2205 703 sic
2250 639 2544 710 omnibus
2588 638 2772 704 bonis
2818 639 2892 704 et

426 745 624 810 doctis
674 763 813 810 esse
858 744 1241 810 faciendum.
1322 746 1458 811 Nec
1502 763 1651 810 vero
1684 744 1761 810 de
1807 746 1928 811 hoc
1961 746 2302 828 quisquam
2334 745 2623 810 dubitare
2653 747 2895 829 posset,

422 852 549 916 nisi
603 851 775 917 idem
828 852 1010 916 nobis
1068 852 1383 917 accideret
1428 852 1767 935 diligenter
1813 851 1890 917 de
1938 853 2149 917 animo
2196 851 2624 934 cogitantibus
2640 900 2655 929 ,
2719 850 2890 933 quod

422 958 502 1022 iis
550 977 739 1042 saepe
785 977 911 1022 usu
955 959 1159 1036 venit,
1221 959 1331 1041 qui
1377 979 1523 1025 cum
1571 959 1804 1033 acriter
1849 959 2049 1024 oculis
2097 958 2500 1024 deficientem
2546 959 2747 1023 solem
2789 958 2898 1021 in-

421 1066 761 1130 tuerentur
776 1113 793 1142 ,
852 1067 928 1129 ut
983 1067 1316 1149 aspectum
1371 1067 1626 1131 omnino
1682 1066 2088 1142 amitterent;
2152 1067 2244 1132 sic
2297 1065 2531 1130 mentis
2588 1064 2755 1129 acies
2815 1082 2916 1133 se.

423 1171 566 1255 ipsa
618 1172 877 1236 intuens
939 1191 1428 1255 nonnumquam
1479 1172 1767 1239 hebescit
1820 1172 1898 1237 ob
1954 1191 2223 1256 eamque
2286 1191 2547 1238 causam
2607 1166 2898 1236 contem-

421 1278 643 1361 plandi
711 1277 1106 1360 diligentiam
1169 1279 1544 1344 amittimus
1633 1279 1864 1362 Itaque
1925 1280 2227 1344 dubitans
2245 1328 2260 1358 ,
2329 1280 2900 1362 circumspectam,

421 1384 781 1462 haesitans,
841 1385 1051 1450 multa
1097 1386 1365 1451 adversa
1409 1405 1706 1452 reverens
1752 1389 2088 1469 tamquam
2142 1387 2208 1451 in
2265 1388 2403 1451 rate
2447 1386 2516 1449 in
2561 1384 2725 1448 mari
2767 1384 2898 1448 im,-

338 1511 398 1553 u
420 1510 643 1557 menso
710 1494 933 1557 nostra
989 1492 1244 1558 vehitur
1311 1494 1493 1559 ratio.
1585 1493 1713 1559 Sed
1771 1494 1931 1559 haec
1985 1496 2053 1559 et
2111 1495 2330 1558 vetera
2389 1495 2454 1558 et
2515 1511 2552 1556 a
2608 1490 2892 1557 Graecis.

423 1596 581 1664 Cato
630 1600 848 1664 autem
895 1600 985 1665 sic
1031 1599 1188 1665 abiit
1234 1619 1268 1664 e
1314 1601 1474 1678 vita,
1533 1602 1610 1665 ut
1657 1619 1920 1666 causam
1964 1599 2274 1664 moriendi
2317 1600 2582 1664 nactum
2629 1617 2697 1662 se
2742 1615 2893 1662 esse

423 1704 749 1786 gauderet.
840 1704 1043 1778 Vetat
1088 1707 1258 1771 enim
1307 1706 1641 1785 dominans
1699 1707 1807 1772 ille
1861 1707 1929 1771 in
1983 1705 2165 1770 nobis
2213 1705 2371 1771 deus
2428 1705 2679 1769 iniussu
2731 1704 2892 1768 hinc

420 1829 539 1875 nos
597 1830 712 1875 suo
760 1810 1151 1894 demigrare3
1212 1832 1359 1878 cum
1415 1831 1563 1878 vero
1620 1831 1881 1878 causam
1934 1813 2174 1877 iustam
2221 1812 2379 1877 deus
2437 1813 2573 1896 ipse
2621 1810 2896 1888 dederit,

421 1921 499 1982 ut
542 1919 700 1983 tunc
746 1917 1020 1998 Socrati,
1065 1939 1238 1985 nunc
1283 1918 1540 1998 Catoni,
1589 1939 1777 2004 saepe
1824 1920 2075 1996 multis,
2118 1938 2199 1984 ne
2245 1920 2353 1985 ille
2399 1917 2649 1983 medius
2693 1916 2891 1982 fidius

420 2024 518 2090 vir
564 2025 816 2109 sapiens
863 2026 1072 2091 laetus
1120 2045 1195 2091 ex
1251 2027 1353 2090 his
1407 2027 1687 2092 tenebris
1740 2028 1808 2091 in
1865 2027 2076 2092 lucem
2134 2027 2314 2091 illam
2369 2024 2710 2090 excesserit
2765 2041 2897 2088 nec

420 2133 641 2197 tamen
697 2132 809 2196 illa
854 2134 1064 2199 vincla
1118 2134 1387 2199 carceris
1442 2134 1692 2218 ruperit
1737 2134 1936 2218 (leges
1994 2134 2164 2198 enim
2210 2132 2489 2215 vetant),
2549 2130 2662 2196 sed
2718 2132 2893 2195 tam-

419 2344 664 2398 lativsatz
699 2344 987 2413 gefunden.
1027 2375 1096 2384 —-
1132 2344 1368 2413 doctis]‚
1372 2343 1793 2414 ,philosophisch
1821 2343 2155 2399 Gebildete‘fl
2187 2375 2255 2384 -
2291 2361 2401 2397 usu
2424 2342 2588 2412 venit]
2618 2357 2896 2410 synonym

419 2434 520 2487 mit
543 2434 760 2488 accedit.
789 2466 857 2474 -
894 2433 1229 2502 deficientem
1253 2434 1502 2504 solem]„
1519 2433 1639 2488 eine
1667 2432 2223 2488 Sonnenfinsternis‘fl
2266 2465 2335 2473 -
2376 2432 2735 2502 aspectumJ„
2747 2430 2888 2485 Seh-

419 2526 749 2592 vermogen“
767 2564 780 2591 ,
835 2524 945 2577 fast
991 2523 1066 2575 im
1113 2522 1276 2577 Sinne
1326 2540 1431 2577 von
1477 2523 1668 2577 actem.
1720 2554 1789 2563 —
1839 2522 1940 2591 qui
1987 2540 2113 2577 cum
2164 2563 2176 2576 .
2199 2563 2210 2575 .
2234 2563 2246 2575 .
2296 2522 2639 2576 intuerentur
2685 2562 2697 2575 .
2720 2562 2732 2574 .
2761 2561 2773 2574 .
2821 2525 2892 2574 ut

420 2650 434 2666 .
457 2652 504 2664 ..
544 2611 869 2682 amitterent]
907 2613 980 2665 Es
1015 2610 1170 2666 sollte
1207 2611 1346 2667 bloss
1380 2612 1594 2667 heissen
1630 2612 1732 2682 qui
1767 2653 1813 2666 ..
1838 2653 1849 2666 .
1886 2612 2196 2681 intuentum
2233 2629 2347 2665 nun
2381 2609 2494 2665 will
2531 2610 2716 2668 Cicero
2754 2609 2889 2664 aber

420 2700 566 2754 idem
601 2700 676 2753 im
711 2700 1035 2755 Relativsatz
1070 2700 1241 2755 naher
1277 2700 1520 2755 erklaren
1567 2701 1678 2755 und
1716 2701 1953 2771 gewinnt
1989 2717 2083 2755 aus
2119 2702 2243 2755 dem
2278 2700 2444 2755 leicht
2478 2718 2545 2755 zu
2591 2704 2886 2769 ergiinzen-

418 2789 522 2843 den
549 2807 659 2843 usu
692 2789 836 2843 venit
864 2791 963 2860 (ut)
991 2790 1086 2844 das
1114 2790 1443 2859 Anakoluth3
1481 2790 1586 2860 vgl.
1616 2793 1647 2861 ξ
1670 2793 1757 2847 88.
1796 2822 1865 2831 -
1902 2790 2308 2860 contemplandi
2329 2790 2698 2860 diliycntiam]
2729 2787 2891 2856 „den

419 2878 670 2933 scharfen
697 2879 851 2933 Blick
877 2881 1198 2954 (ἀκρίβειαν)
1225 2881 1320 2934 fiir
1344 2880 1431 2934 die
1452 2881 1877 2950 Betrachtung“.
1918 2912 1987 2921 -
2023 2880 2501 2950 circmnspectans]
2532 2876 2889 2947 ‚,suchend“,

418 2967 525 3036 vgl.
563 2968 835 3035 chachar,
884 2968 1184 3025 italienisch
1220 2987 1431 3024 cercare
1465 2986 1573 3023 von
1608 2970 1774 3024 circa.
1830 3000 1894 3009 -—-
1945 2971 2173 3024 adversa
2216 2969 2479 3038 reverens]
2533 2967 2884 3036 „Entgegen-

418 3058 682 3125 gesetztes
719 3057 1051 3125 scheuend“‚
1088 3058 1282 3112 freier:
1324 3058 1456 3126 „bei
1493 3057 1817 3112 vielfachem
1854 3059 1966 3112 Fi'u·
1998 3059 2110 3112 und
2147 3058 2397 3112 Wider“.

566 3158 648 3198 74.
695 3150 744 3198 et
778 3151 950 3199 vetera
985 3151 1034 3200 et
1067 3164 1106 3200 a
1149 3147 1394 3216 Graecis]
1441 3147 1682 3215 Ergiinze
1728 3152 1857 3201 sunt
1901 3147 2030 3201 oder
2070 3152 2292 3216 sumpta
2330 3147 2532 3215 (dueta)
2568 3150 2697 3199 sunt
2710 3186 2725 3211 ,
2777 3144 2894 3199 wie

421 3234 454 3302 ἓ
482 3235 581 3290 33;
622 3250 733 3301 „ne
770 3237 956 3289 vetera
992 3237 1047 3289 et
1084 3242 1307 3290 externa
1335 3239 1652 3305 quaeram“,
1691 3236 1810 3305 „alt
1837 3237 1948 3291 und
1984 3252 2091 3289 von
2117 3237 2221 3290 den
2251 3235 2574 3290 Griechen“.
2615 3265 2682 3274 -—
2728 3233 2890 3303 Cato]

419 3320 656 3376 namlich
681 3322 969 3393 Uticensis,
1006 3324 1103 3378 der
1138 3324 1255 3378 sich
1289 3325 1430 3379 nach
1457 3326 1555 3379 der
1580 3325 1898 3395 Niederlage
1935 3327 2032 3380 der
2058 3326 2411 3394 Pompeianer
2445 3324 2628 3392 totae,
2666 3339 2709 3376 s,
2738 3321 2883 3378 Einl.

419 3410 472 3465 S.
501 3413 551 3465 1.
609 3409 795 3467 Cicero
821 3411 987 3465 blickt
1013 3412 1112 3466 mit
1147 3412 1322 3468 einem
1348 3414 1610 3482 gewissen
1638 3414 2004 3483 Missbehagen
2041 3406 2135 3468 auf
2161 3413 2278 3467 sein
2306 3413 2519 3482 eigenes
2546 3411 2889 3467 Schwanken

419 3499 512 3570 (im
531 3499 580 3554 J.
599 3502 667 3556 49
677 3500 742 3554 ff.
764 3518 815 3555 v.
831 3499 976 3571 Chr.)
997 3502 1213 3571 zuriick‚
1243 3504 1432 3558 trostet
1458 3502 1575 3557 sich
1593 3503 1723 3557 aber
1745 3503 1845 3556 mit
1867 3504 1990 3556 dem
2009 3502 2313 3571 Gedanken,
2333 3502 2451 3556 dass
2470 3502 2595 3556 Gott
2611 3501 2704 3554 ihn
2729 3499 2896 3554 nicht

418 3605 543 3642 zum
579 3589 1030 3645 entscheidenden
1067 3590 1268 3645 Schritt
1302 3592 1530 3660 gerufen
1566 3591 1720 3646 habe.
1759 3622 1829 3632 —
1880 3591 2050 3661 Vetat]
2085 3587 2181 3654 Ὡς
2215 3594 2275 3647 ἓν
2310 3612 2419 3646 τινι
2456 3595 2673 3666 φρουρᾷ·
2709 3592 2896 3663 ἐσμεν

420 3682 477 3731 οἱ
513 3684 802 3751 ἄνθρωποι
837 3685 931 3735 καὶ
969 3684 1035 3735 οὗ
1072 3682 1162 3736 δεῖ
1197 3683 1268 3750 δὴ
1303 3682 1503 3736 ἑαυτὸν
1537 3684 1596 3737 ἐκ
1634 3684 1834 3749 ταύτης
1879 3684 2029 3736 λύειν
2066 3677 2191 3737 οὐδ’
2226 3682 2692 3755 ἀποδιδράσκειν,
2738 3676 2879 3732 Plat.

417 3764 686 3834 Phaedon,
725 3784 776 3835 p.
806 3770 876 3823 62
888 3786 937 3823 Β.
976 3800 1044 3809 -
1081 3768 1308 3823 iniussu
1332 3768 1465 3823 hinc
1499 3786 1599 3823 nos
1636 3771 1756 3839 suo]
1786 3770 1880 3823 des
1908 3769 2211 3838 Rhythmus
2247 3785 2434 3838 wegen
2470 3784 2529 3822 so
2556 3766 2785 3837 gestellt.
2812 3798 2883 3808 -—-

416 3854 649 3924 iustam]
689 3854 1056 3927 „vollgiiltig“.
1095 3889 1165 3899 —
1202 3876 1359 3929 saepe
1390 3858 1605 3928 mulleis]
1646 3858 1858 3926 „vielen
1896 3859 2035 3927 oft“‚
2073 3858 2302 3913 beliebte
2339 3856 2671 3925 Steigerung.
2737 3855 2885 3910 Stel-

417 3939 573 4010 lung!
621 3974 690 3981 —
741 3953 813 3998 ηδ
845 3943 959 4014 ille]
995 3956 1069 4000 ne
1102 3946 1261 4016 (auch
1295 3964 1413 4014 nae,
1453 3948 1567 4016 ναὶ)
1602 3946 2196 4016 Beteuerungspartikel
2210 3988 2224 4015 ,
2260 3945 2524 4000 verstiirkt
2559 3944 2730 3998 durch
2765 3961 2892 3999 me-

416 4029 545 4084 dius
578 4031 769 4100 fidius.
835 4032 964 4087 Dies
999 4033 1071 4087 ist
1108 4033 1374 4103 elliptisch
1411 4035 1510 4089 wie
1537 4036 1903 4104 mehercule&
1933 4036 2061 4090 oder
2095 4052 2260 4090 unser
2295 4034 2373 4104 „J
2373 4033 2680 4103 asomirgott
2691 4036 2723 4064 “
2762 4033 2885 4103 (be-

416 4118 580 4173 liebte
627 4119 1041 4176 Schwursormel
1092 4123 1189 4176 des
1236 4123 1613 4194 Babenberger
1661 4125 1900 4194 Herzogs
1949 4124 2209 4179 Heinrich
2255 4124 2406 4193 XI.);
2462 4123 2607 4177 Dius
2653 4122 2891 4192 Minos,

417 4207 559 4262 wohl
585 4208 704 4263 eine
733 4209 1180 4281 Spezialisierung
1215 4213 1310 4267 des
1336 4216 1474 4276 Ζεὺς
1501 4216 1694 4288 ὅρκιος,
1731 4214 1803 4267 ist
1836 4214 1894 4267 in
1923 4216 2095 4269 erster
2117 4214 2270 4268 Linie
2297 4214 2459 4268 Treu-
2487 4213 2598 4266 und
2626 4211 2890 4268 Schwur—

417 4297 546 4364 gott.
596 4328 665 4337 -—
713 4299 1013 4369 excesserit]
1051 4300 1171 4354 Fut.
1209 4300 1268 4354 Π
1281 4341 1295 4369 ,
1332 4302 1555 4355 deutsch
1590 4302 1757 4371 Pras„
1806 4302 1911 4372 vgl.
1949 4303 2141 4357 statim
2175 4303 2370 4357 videro.
2422 4334 2489 4343 -—
2538 4319 2635 4356 nec
2671 4303 2884 4374 tamen]

420 4383 602 4449 „ohne
637 4386 889 4452 J'edoch“.
929 4417 997 4427 -
1033 4386 1218 4441 vincla
1252 4389 1510 4458 carceris]
1549 4390 2142 4457 „Kerkerverschluss“
2172 4389 2777 4461 (Gesangenenfesseln).
2805 4421 2890 4432 —-

3161 1176 3168 1271 nm--n
