3221 4850
484 307 587 368 112
1054 307 1469 363 Tusculanarum
1507 308 1922 377 disputationum
1959 308 2071 363 Lib.
2110 308 2154 377 Ι,
2193 325 2237 362 ο.
2277 311 2362 365 49.

482 473 548 536 et.
593 471 791 535 creati
836 489 1078 548 sumus,
1126 470 1238 535 sed
1283 470 1562 554 profecto
1609 469 1733 534 fuit
1781 470 2095 552 quaedam
2143 471 2257 549 vis,
2320 489 2482 553 quae
2529 472 2746 553 generi
2795 490 2968 535 oon-

481 578 720 643 suleret
751 578 1032 641 humano
1063 596 1181 642 neo
1212 577 1276 641 id
1309 578 1599 660 gigneret
1641 579 1755 641 aut
1802 578 2019 655 aleret,
2068 579 2237 660 quod
2283 596 2431 643 oum
2478 577 2964 643 exanclavisset

480 702 698 749 omnes
730 683 996 761 laboreS,
1043 686 1185 749 tum
1216 683 1524 749 incideret
1566 685 1636 747 in
1682 684 1907 748 mortis
1953 685 2201 749 malum
2249 684 2744 767 sempiternum;
2790 703 2957 767 por-

364 813 459 857 ιω
479 792 619 855 tum
683 790 894 874 potius
954 792 1252 874 paratum
1312 791 1494 856 nobis
1556 795 1623 855 et
1677 790 2042 874 perfugium
2090 793 2408 874 putemus.
2502 789 2640 869 Quo
2686 790 2959 856 utinam

479 897 637 962 velis
705 897 912 981 passis
990 899 1250 981 pervehi
1332 898 1553 963 liceat!
1675 897 1787 962 Sin
1855 897 2231 962 reflantibus
2300 897 2509 962 ventis
2585 898 2958 975 reiciemur,

481 1006 699 1070 tamen
760 1004 979 1070 eodem
1042 1006 1232 1088 paulo
1278 1005 1527 1069 tardius
1575 1004 1928 1069 referamur
1973 1023 2231 1069 neeesse
2280 1006 2398 1069 est.
2491 1002 2672 1083 Quod
2720 1007 2961 1069 autem

482 1111 774 1176 omnibus
820 1130 1077 1176 neeesse
1126 1113 1242 1190 est,
1302 1111 1448 1175 idne
1496 1111 1803 1176 miserum
1851 1130 1990 1176 esse
2037 1111 2146 1175 uni
2193 1112 2451 1193 potest?
2543 1110 2758 1175 Habes
2807 1111 2955 1193 epi-

479 1219 716 1301 logum,
761 1236 841 1282 ne
891 1218 1044 1300 quid
1089 1218 1616 1302 praetermissum
1663 1220 1778 1282 aut
1821 1218 2116 1282 relietum
2162 1219 2368 1301 putes,

658 1323 741 1388 A.
810 1324 945 1406 Ego
1006 1344 1185 1403 vero,
1250 1327 1315 1390 et
1363 1325 1622 1407 quidem
1680 1324 1829 1389 feeit
1889 1325 2084 1389 etiam
2144 1325 2265 1387 iste
2323 1343 2427 1388 me
2484 1324 2771 1407 epilogus
2834 1324 2956 1387 fir-

481 1431 763 1496 miorem.
2571 1503 2575 1509 ,

658 1538 757 1602 M.
830 1537 1119 1621 Optime,
1164 1538 1445 1620 inquam.
1540 1537 1665 1603 Sed
1725 1558 1897 1602 nune
1957 1537 2214 1619 quidem
2283 1538 2638 1602 valetudini
2698 1538 2956 1601 tribua-

481 1665 627 1710 mus
698 1645 934 1727 aliquid
952 1694 967 1723 ,
1037 1664 1177 1710 oras
1251 1647 1495 1721 autem,
1566 1646 1632 1709 et
1705 1647 1862 1727 quot
1930 1645 2063 1709 dies
2134 1644 2369 1709 erimus
2436 1645 2502 1709 in
2564 1645 2960 1722 Tusculano,

486 1770 753 1835 agamus
784 1752 943 1816 haee
989 1753 1056 1816 et
1100 1770 1176 1816 ea
1220 1751 1645 1834 potissimum,
1693 1770 1855 1832 quae
1901 1751 2284 1816 levationem
2329 1751 2609 1816 habeant
2658 1752 2954 1833 aegritu-

486 1858 725 1935 dinum,
771 1857 1200 1935 formidinum,
1248 1857 1689 1940 cupiditatum,
1738 1859 1847 1939 qui
1894 1859 2063 1922 omni
2108 1879 2141 1921 e
2185 1857 2584 1941 philosophia
2631 1861 2729 1923 est
2774 1857 2960 1923 fruo-

485 1969 593 2030 tus
640 1965 1019 2030 uberrimus.
2860 1967 2869 1986 ‘⁴

487 2196 518 2263 ξ
558 2195 676 2249 100.
724 2225 793 2233 -
840 2212 967 2248 eum
1005 2234 1017 2246 .
1041 2235 1052 2246 .
1076 2234 1088 2246 .
1126 2193 1534 2263 exanclavisset]
1584 2194 1707 2247 oder
1747 2193 2123 2247 exantlavi-sset
2159 2194 2477 2264 (griechisoh
2513 2198 2805 2261 ἐξαντλεῖν,
2853 2195 2960 2250 das

488 2282 873 2336 Grundwasser
907 2282 1307 2351 aussohbpfen):
1347 2299 1486 2351 „um
1524 2284 1635 2336 erst
1673 2324 1685 2335 .
1708 2323 1720 2335 .
1743 2322 1754 2334 .
1794 2282 2219 2336 durehzukosten
2254 2284 2365 2337 und
2403 2283 2607 2337 dann“.
2648 2315 2716 2323 —
2751 2284 2961 2338 mortis

485 2372 698 2425 malum
724 2371 1135 2442 sempiternum]
1175 2371 1400 2425 Genetiv
1428 2372 1523 2425 des
1555 2371 1817 2427 Inhaltes:
1863 2372 1966 2440 „in
2010 2372 2098 2427 ein
2138 2372 2332 2442 ewiges
2361 2364 2516 2441 Ubel,
2555 2373 2612 2425 in
2656 2374 2759 2428 den
2797 2374 2956 2429 Τοό.ιε

489 2460 912 2530 (appositionell).
951 2491 1020 2500 —
1049 2463 1294 2531 portum]
1334 2477 1377 2515 s.
1417 2479 1483 2515 zu
1519 2465 1550 2531 ξ
1588 2464 1710 2518 107.

641 2562 754 2604 119.
792 2551 924 2604 vetis
954 2549 1164 2621 passis]
1202 2549 1346 2621 „mit
1370 2550 1553 2604 vollen
1580 2550 1840 2620 Segeln“.
1874 2583 1937 2590 —
1977 2550 2156 2605 Habes
2191 2553 2483 2622 epiloyum]
2523 2550 2960 2606 Gebrauchliche

490 2639 779 2709 Wendung
800 2641 893 2693 fiir
920 2641 1025 2694 den
1043 2642 1357 2697 Absohluss:
1386 2642 1514 2710 „Da
1539 2640 1663 2694 hast
1689 2641 1762 2693 du
1789 2639 1874 2693 die
1894 2639 2192 2709 Dreingabe
2221 2643 2356 2711 (ἐπὶ)
2383 2658 2479 2695 zur
2505 2641 2653 2695 Rode
2680 2640 2888 2711 (λόγος)
2903 2643 2959 2708 “,

492 2727 681 2796 „Voila
706 2727 1050 2799 l’epilogue“.
1089 2763 1158 2772 —
1195 2731 1310 2801 Eyo
1336 2732 1478 2801 vero]
1508 2746 1582 2785 se.
1612 2730 1789 2795 habeo,
1829 2729 2077 2799 „gewisS‚
2104 2729 2364 2798 jawohl“.
2394 2762 2460 2770 —-
2506 2730 2736 2799 Optime]
2768 2729 2965 2797 „Sehr

490 2817 622 2872 brav
659 2818 1032 2889 (bravissimo)
1047 2823 1096 2876 “.
1148 2852 1216 2860 -
1266 2819 1572 2874 valetudini
1606 2819 1916 2874 tribuamus
1952 2819 2196 2889 aliquid]
2237 2819 2474 2887 „wollen
2511 2818 2611 2872 wir
2646 2819 2810 2872 etwas
2858 2819 2966 2872 fiir

491 2906 587 2961 das
623 2906 873 2963 leibliohe
909 2908 1072 2963 Wohl
1109 2912 1270 2964 tun“.
1321 2940 1387 2950 ——
1439 2909 1512 2963 Es
1548 2908 1681 2963 wird
1719 2925 1787 2962 an
1822 2908 1908 2962 dio
1946 2908 2417 2977 Einkleidung
2460 2909 2581 2962 des
2618 2907 2964 2976 Dialoges

495 2996 733 3051 erinnert
785 2997 1296 3066 (Spatnaohmittag).
1353 3029 1421 3039 —
1478 2997 1795 3051 levationem
1834 3038 1846 3050 .
1869 3038 1881 3051 .
1903 3038 1917 3052 .
1952 2997 2385 3067 aegritudinum]
2436 2997 2675 3052 Hinweis
2716 2997 2811 3050 auf
2860 2997 2966 3053 das

493 3085 760 3154 Fulgende
806 3086 920 3139 und
956 3086 1356 3156 Verkniipfung
1402 3087 1504 3139 mit
1537 3086 1662 3140 dem
1698 3084 2203 3155 Vorausgehenden.
2262 3118 2331 3127 —
2386 3086 2488 3157 qui
2519 3086 2678 3140 omni
2709 3104 2737 3140 e
2770 3087 2964 3155 philo-

493 3174 687 3244 sophia
733 3179 811 3228 est
859 3174 1073 3242 fruetus
1108 3175 1439 3245 uberrimus]
1490 3174 1674 3229 Damit
1707 3175 1842 3228 vvird
1891 3174 2333 3229 naohdrueksvoll
2384 3176 2477 3229 das
2516 3176 2964 3245 Hauptergebnis

496 3261 626 3316 alles
663 3261 1145 3331 PhilosophierenS,
1184 3268 1249 3318 τὸ
1284 3263 1345 3319 εὖ
1382 3269 1487 3333 ζῆν,
1526 3264 1613 3318 ins
1650 3264 1971 3319 Gedaehtnis
2005 3265 2250 3333 gerufen.
