3221 4850
1210 1026 1863 1167 Anhang

312 1218 594 1289 Zugrunde
630 1217 808 1288 gelegss
841 1218 913 1273 ist
947 1218 1046 1273 der
1081 1234 1185 1273 von
1222 1217 1280 1276 O.
1309 1218 1368 1273 F.
1398 1219 1487 1273 W.
1517 1217 1693 1273 Miill
1710 1236 1783 1274 er
1817 1219 2170 1289 festgestellte
2205 1221 2352 1275 Text.
2413 1220 2533 1275 Von
2569 1219 2770 1275 diesem

1298 1308 1370 1363 ist
1405 1308 1778 1378 abgewichen:

1361 1450 1426 1520 Ι.
1490 1451 1717 1521 Buch.

305 1580 345 1660 ξ
440 1581 480 1641 3
532 1584 636 1657 qui
688 1582 810 1656 fuit
866 1582 1062 1642 maior
1119 1588 1274 1645 natu
1331 1600 1511 1657 quam
1563 1583 1827 1646 Plautus
1884 1589 1940 1645 et
1994 1585 2225 1648 Novius
2284 1583 2402 1658 (ffir
2455 1579 2767 1661 Naevius)]

534 1687 910 1747 Gewbhnlich
955 1687 1093 1762 tilgt
1137 1705 1272 1746 man
1321 1688 1434 1746 den
1482 1688 1614 1748 Satz
1660 1706 1862 1764 wegen
1909 1690 2013 1749 des
2059 1689 2581 1766 chronologischen
2624 1688 2768 1750 Ver-

533 1794 764 1854 stosseS.

310 1899 349 1980 ξ
441 1902 484 1961 4
532 1904 886 1979 Pobyqnotos
915 1909 969 1965 et
999 1902 1388 1980 Parrhasios]
1435 1905 1752 1980 Polyclitos
1782 1910 1837 1966 et
1867 1907 2252 1967 Parrhasios.
2330 1904 2623 1979 Polygnot
2650 1922 2768 1963 war

530 2008 595 2067 in
642 2008 773 2068 dem
817 2008 989 2068 Kreis
1036 2008 1140 2068 des
1187 2008 1382 2068 Cicero
1430 2010 1552 2068 und
1597 2010 1831 2070 Atticus
1878 2010 2029 2070 wohl
2084 2010 2359 2070 bekannt.
2451 1998 2608 2070 fiber
2655 2012 2766 2070 den

531 2115 1035 2190 Zusammcnhang
1081 2133 1127 2175 s,
1172 2117 1565 2176 Kommentar.

308 2220 347 2302 ξ
397 2221 480 2283 10
530 2242 824 2286 smnmam
868 2242 1089 2299 aquam
1133 2223 1459 2301 attinqens]
1505 2243 1801 2288 summam
1844 2243 2081 2287 amnem
2123 2228 2447 2302 attinqens.

309 2327 346 2409 ἓ
398 2328 478 2390 16
530 2332 912 2405 haberemus,·
948 2333 1017 2392 in
1045 2333 1171 2393 vita
1200 2350 1365 2394 nunc
1394 2334 1559 2393 video
1590 2330 1827 2408 calcem]
1860 2331 2031 2390 Auch
2063 2331 2310 2391 Schiche
2340 2330 2770 2407 interpungicrt

532 2454 627 2511 s0;
673 2438 885 2498 Mfiller
929 2438 1096 2498 aber:
1143 2441 1490 2502 haberemus
1533 2443 1603 2501 in
1647 2442 1773 2502 vita
1789 2462 1809 2513 ,·
1853 2461 2018 2504 nunc
2061 2442 2226 2502 video
2272 2443 2508 2502 calcem,

313 2544 352 2624 ξ
404 2544 485 2605 19
537 2545 724 2620 tilgen
770 2546 875 2606 wir
921 2547 1013 2607 die
1061 2547 1258 2607 worte
1306 2554 1361 2611 et
1407 2550 1706 2610 animosos
1755 2595 1769 2610 .
1800 2595 1814 2610 .
1844 2596 1858 2609 .
1906 2567 1978 2610 ex
2022 2550 2217 2610 animi
2259 2550 2578 2610 sententia.

316 2649 355 2731 ἓ
401 2651 487 2713 20
538 2671 754 2729 corpus
795 2657 1036 2731 necavit
1079 2673 1201 2717 esse
1245 2673 1467 2726 verum,
1515 2674 1832 2717 numerum
1877 2658 2034 2717 dimit
2079 2654 2223 2732 esse]
2271 2673 2485 2730 corpus
2529 2658 2766 2733 necavit

531 2779 672 2833 esse,
719 2761 988 2838 [verum]
1032 2781 1347 2825 numerum
1390 2765 1546 2825 dixit
1592 2781 1752 2837 esse;
1795 2762 1911 2836 vgl.
1960 2762 2073 2821 den
2117 2762 2511 2822 Kommentar.

312 2864 350 2946 ξ
397 2866 481 2928 29
533 2870 675 2930 hinc
719 2872 887 2932 nobis
931 2868 1038 2927 mit
1084 2867 1353 2945 Schiche]
1400 2871 1542 2931 hinc
1587 2884 1645 2931 a
1688 2871 1874 2931 nobis.

313 2972 351 3055 ξ
398 2974 483 3034 38
535 2994 669 3037 cum
721 2979 940 3038 honore
994 2978 1404 3052 disciplinae,
1465 2982 1592 3040 tum
1638 2978 1819 3039 etiam
1862 2975 2240 3053 auctoritate]
2301 2995 2435 3038 cum
2476 2975 2768 3052 [honore]

531 3086 889 3159 disciplina,
940 3090 1068 3146 tum
1111 3086 1292 3146 etiam
1335 3087 1715 3148 auctoritate.

310 3186 348 3269 ἓ
397 3188 483 3250 40
534 3193 698 3253 Nwm
750 3193 940 3267 iqitur
994 3192 1335 3255 dubitamus
1388 3194 1544 3254 sicut
1588 3192 1877 3266 pleraque
1931 3222 2016 3233 —-
2074 3208 2430 3267 quamquam
2481 3193 2588 3252 hoc
2642 3193 2769 3265 qui-

531 3301 664 3361 dem
700 3301 963 3372 minime,
1003 3301 1376 3374 persuadent
1413 3301 1574 3360 enim
1612 3300 2015 3361 mathematici
2064 3331 2148 3339 —
2194 3304 2422 3359 terram
2465 3299 2535 3359 in
2579 3299 2769 3358 medio

531 3408 754 3469 mundo
797 3408 981 3468 sitam
1028 3452 1043 3468 .
1074 3451 1089 3467 .
1120 3453 1134 3468 .
1180 3413 1431 3482 vocant;
1484 3425 1618 3468 eam
1659 3404 1871 3482 por-ro]
1942 3407 2107 3469 Num
2148 3407 2337 3481 iyitur
2382 3407 2720 3467 dubitamus
2734 3407 2765 3466 ‚2

530 3532 615 3574 an
659 3514 813 3576 sicut
851 3514 1181 3589 pleraque?
1236 3532 1595 3590 quamquam
1639 3515 1745 3575 hoc
1791 3515 2026 3588 quidem
2069 3514 2349 3585 minime5
2393 3513 2763 3587 persuadent

530 3623 690 3683 enim
741 3622 1146 3683 mathematici
1200 3628 1429 3684 terram
1480 3623 1550 3683 in
1603 3623 1794 3682 medio
1848 3622 2071 3682 mundo
2123 3622 2306 3681 sitam
2353 3665 2368 3681 .
2403 3662 2419 3679 .
2455 3664 2469 3678 .
2516 3624 2766 3693 vocant;

531 3746 664 3790 eam
697 3747 907 3804 porro,
997 3727 1111 3786 Mir
1154 3727 1237 3788 ist
1281 3727 1387 3787 das
1432 3725 1930 3787 unverstfindlich.

310 3833 347 3914 ἓ
397 3834 479 3895 41
534 3837 770 3897 Horum
827 3837 1016 3911 iqitur
1075 3841 1235 3899 esto
1295 3834 1547 3912 aliquid]
1617 3837 1855 3899 Horum
1920 3836 2109 3911 iqitur
2175 3837 2259 3897 sit
2317 3835 2548 3910 aliquid
2561 3854 2583 3908 ;
2649 3832 2766 3907 vgl.

530 3941 921 4002 Kommentar.

313 4047 351 4128 ξ
397 4047 484 4108 46
534 4051 750 4112 sentiri
793 4051 950 4111 nihil
979 4054 1170 4125 queat,
1219 4068 1386 4112 mens
1430 4051 1554 4112 nisi
1595 4052 1666 4111 id
1710 4048 1875 4126 ayat]
1921 4049 2142 4111 sentire
2183 4049 2340 4110 nihil
2367 4051 2542 4123 queat
2580 4065 2763 4119 mens,

535 4158 660 4219 nisi
701 4160 768 4219 id
812 4162 976 4234 ayat.
1067 4157 1205 4215 Man
1260 4157 1417 4216 kann
1474 4156 1615 4216 oder
1666 4154 1771 4215 wir
1823 4156 2056 4215 konnen
2102 4154 2295 4214 nichts
2340 4152 2769 4224 wahrnehmen‚

548 4280 716 4324 wenn
764 4281 827 4323 es
872 4263 1039 4325 nicht
1083 4264 1187 4324 der
1232 4263 1449 4324 Geist
1492 4263 1787 4341 (Stellung
1801 4263 1841 4339 1)
1886 4260 2154 4321 betreibt.
