3221 4850
1262 337 1376 392 Lib.
1415 339 1458 405 1,
1497 355 1542 392 8.
1582 341 1810 394 28--30.
2698 337 2770 398 75

311 502 472 566 nihil
518 500 764 583 duplex,
857 499 1040 579 Quod
1088 521 1234 566 cum
1278 502 1372 564 ita
1419 502 1530 579 sit,
1578 503 1748 565 certe
1794 520 1912 565 nec
1959 501 2205 565 secerni
2248 520 2368 566 nec
2412 500 2607 565 dividi
2651 520 2769 566 nec

314 608 585 690 discerpi
629 626 746 672 nec
793 607 1062 672 distrahi
1106 609 1345 691 potest,
1402 627 1482 672 ne
1529 608 1787 672 interire
1833 607 2085 688 quidem
2130 608 2343 689 igitur.
2431 608 2552 671 Est
2598 608 2769 672 enim

312 714 610 779 interitus
661 715 843 796 quasi
891 715 1206 778 discessus
1255 715 1321 778 et
1367 715 1630 778 secretio
1679 733 1753 779 ac
1799 714 2153 797 diremptus
2202 733 2423 778 earum
2467 715 2768 798 partium,

310 841 479 904 quae
528 823 674 885 ante
722 821 1056 884 interitum
1101 820 1422 885 iunctione
1469 820 1684 902 aliqua
1728 821 2132 885 tenebantur.

490 929 609 992 His
672 930 737 992 et
794 928 1031 992 talibus
1090 928 1440 991 rationibus
1513 927 1827 991 adductus
1888 927 2180 992 Socrates
2250 947 2369 993 nec
2425 930 2770 1012 patronum

313 1036 633 1119 quaesivit
680 1035 759 1099 ad
805 1034 1112 1099 iudicium
1158 1034 1383 1118 capitis
1444 1053 1563 1099 nec
1604 1035 1921 1099 iudicibus
1969 1036 2235 1118 supplex
2280 1034 2404 1099 fuit
2450 1035 2770 1099 adhibuit-

316 1162 438 1225 que
493 1143 761 1207 liberam
821 1141 1285 1207 contumaciam
1348 1160 1386 1205 a
1438 1142 1881 1224 magnitudine
1943 1142 2140 1206 animi
2199 1142 2489 1220 ductam,
2548 1161 2675 1206 non
2730 1162 2770 1206 a

314 1250 638 1333 superbia,
698 1251 764 1314 et
823 1268 1119 1332 supremo
1179 1248 1349 1313 vitae
1411 1248 1508 1312 die
1570 1248 1647 1312 de
1706 1248 1826 1312 hoc
1883 1249 2019 1332 ipso
2079 1249 2289 1313 multa
2344 1248 2646 1313 disseruit
2704 1250 2768 1313 et

312 1357 532 1440 paucis
580 1357 728 1420 ante
775 1355 1023 1432 (11811118,
1085 1374 1232 1420 cum
1278 1354 1461 1419 facile
1509 1357 1726 1438 posset
1773 1354 1954 1420 educi
2002 1373 2035 1419 e
2083 1355 2398 1434 custodia,
2453 1356 2659 1419 noluit
2705 1358 2771 1420 et

312 1465 456 1526 tum
485 1481 684 1545 paene
730 1463 796 1526 in
841 1481 1041 1526 manu
1085 1462 1216 1525 iam
1261 1461 1664 1526 mortiferum
1708 1460 1869 1526 illud
1915 1465 2139 1526 tenens
2171 1462 2469 1546 poculum
2517 1462 2767 1526 locutus

310 1570 403 1633 ita
462 1571 592 1646 est,
661 1570 738 1632 ut
792 1588 919 1632 non
979 1568 1059 1633 ad
1116 1570 1393 1633 mortem
1450 1568 1653 1646 trudi,
1722 1587 1944 1633 verum
2003 1569 2070 1632 in
2139 1570 2389 1634 caelum
2447 1569 2770 1635 videretur

311 1675 664 1741 escendere.
753 1675 859 1740 Ita
928 1677 1098 1740 enim
1168 1677 1489 1740 censebat,
1525 1676 1745 1757 itaque
1804 1676 2135 1754 disseruit,
2206 1675 2366 1740 duas
2429 1695 2580 1749 esse
2630 1677 2766 1740 vias
2787 1662 2875 1723 3⁰

311 1783 718 1867 duplicesque
780 1802 1004 1847 cursus
1061 1783 1419 1847 animorum
1475 1802 1508 1847 e
1568 1802 1824 1866 corpore
1881 1783 2338 1849 excedentium.
2428 1783 2598 1848 Nam
2658 1785 2769 1866 qui
2791 1749 2855 1790 ⁷²

314 1909 381 1954 se
411 1891 710 1954 humanis
742 1890 916 1954 vitiis
963 1891 1572 1955 contaminavissent
1615 1894 1680 1954 et
1712 1909 1778 1954 se
1825 1893 1995 1954 totos
2026 1890 2393 1954 libidinibus
2428 1891 2767 1968 dedissent,

312 1997 543 2078 quibus
592 1997 833 2061 caecati
863 1998 964 2060 vel
997 1997 1358 2061 domesticis
1392 1997 1561 2062 vitiis
1612 1999 1803 2078 atque
1834 1996 2095 2079 flagitiis
2145 2016 2212 2061 se
2258 1998 2768 2078 inquinavissent

309 2105 412 2168 vel
465 2124 532 2168 re
579 2104 832 2187 publica
878 2104 1171 2168 violanda
1227 2103 1482 2168 fraudes
1538 2104 1947 2187 inexpiabiles
2007 2104 2471 2186 concepissent,
2526 2104 2605 2171 iis
2662 2105 2768 2168 de-

308 2211 484 2275 vium
531 2212 848 2292 quoddam
895 2212 1017 2276 iter
1063 2230 1217 2285 esse,
1266 2211 1585 2275 seclusum
1636 2230 1673 2274 a
1719 2211 1979 2275 concilio
2029 2211 2326 2284 deorum3
2392 2211 2501 2291 qui
2547 2213 2767 2275 autem

309 2336 377 2381 se
423 2319 705 2399 integros
752 2322 1086 2399 castosque
1136 2319 1580 2392 servavissent,
1630 2318 1988 2399 quibusque
2035 2317 2262 2381 fuisset
2307 2317 2573 2381 minima
2619 2337 2766 2382 cum

309 2427 675 2508 corporibus
723 2425 1010 2508 contagio
1059 2446 1324 2508 seseque
1373 2427 1452 2490 ab
1483 2425 1561 2489 iis
1610 2445 1862 2508 semper
1909 2425 2380 2490 sevocavissent
2426 2427 2776 2506 essentque

309 2532 376 2595 in
424 2533 785 2615 corporibus
816 2533 1116 2596 humanis
1163 2533 1362 2596 vitam
1410 2533 1643 2596 imit-ati
1676 2532 1957 2607 deorum,
2003 2532 2081 2595 iis
2130 2532 2210 2595 ad
2256 2532 2415 2607 illos,
2464 2550 2502 2595 a
2535 2532 2764 2613 quibus

309 2643 524 2702 essent
569 2638 864 2721 profecti,
924 2639 1202 2703 reditum
1250 2638 1500 2703 facilem
1548 2642 1784 2722 patere.
1875 2639 2104 2720 Itaque
2153 2641 2636 2715 commemorat,
2693 2630 2849 2720 ut‘73

311 2746 526 2825 cygni,
589 2746 699 2825 qui
752 2765 878 2809 non
935 2747 1069 2809 sine
1126 2764 1319 2809 causa
1365 2746 1642 2829 Apollini
1699 2747 1892 2811 dicati
1948 2747 2108 2822 sint,
2168 2745 2280 2809 sed
2328 2746 2495 2826 quod
2550 2746 2629 2809 ab
2691 2764 2764 2809 eo

311 2888 473 2895 >—..—.„..

305 2974 519 3043 duplex]
537 2976 589 3043 („
603 2973 953 3043 Zwieffiltiges
965 2976 1012 3043 ‘⁸,
1030 2975 1325 3043 Gegensatz
1341 3015 1372 3042 „
1386 2974 1693 3028 einheitlich
1704 2976 1774 3041 “),
1796 2973 1905 3028 also
1920 2974 2232 3044 Untergang
2246 2973 2695 3042 ausgeschlossen.
2713 3008 2764 3015 —

302 3065 620 3134 patronum]
660 3063 986 3131 „Anwalt“;
1023 3063 1109 3117 die
1147 3080 1249 3117 von
1289 3063 1477 3132 Lysias
1514 3063 1935 3132 ausgearbeitete
1972 3064 2120 3118 Rede
2158 3062 2336 3117 wollte
2364 3062 2611 3117 Sokrates
2638 3064 2765 3132 (399

306 3169 358 3204 v.
397 3151 543 3219 Chr.)
592 3151 741 3204 nicht
775 3153 1056 3207 benutzen.
1109 3184 1177 3192 —
1227 3154 1450 3221 supplex
1483 3152 1615 3222 fuit]
1653 3153 1979 3207 konstruiert
2015 3154 2115 3207 wie
2151 3152 2495 3222 supplicavit.
2546 3184 2614 3191 —
2667 3152 2764 3205 ad-

238 3303 251 3324 s
306 3238 588 3309 hibuitque
626 3282 638 3295 .
661 3281 672 3292 .
696 3281 707 3292 .
747 3241 1171 3310 contumaciam]
1212 3242 1489 3309 „sondern
1524 3242 1774 3309 betatigte
1813 3241 1931 3295 eine
1971 3283 1982 3296 .
2008 3284 2019 3295 .
2043 3282 2054 3295 .
2092 3240 2667 3309 Unnachgiebigkeit“.
2695 3272 2764 3280 -

304 3329 369 3383 de
403 3329 501 3383 hoc
537 3329 677 3398 ipso]
718 3330 953 3398 „gerade
990 3329 1125 3383 iiber
1159 3330 1304 3383 diese
1340 3330 1568 3398 Frage“,
1607 3329 1842 3383 namlich
1879 3330 1963 3383 die
1999 3329 2458 3385 Unsterblichkeit
2492 3330 2588 3400 (im
2623 3329 2763 3383 Ph'a-

306 3419 447 3487 don).
492 3405 572 3458 -’
593 3418 775 3488 educi]
814 3420 881 3473 In
918 3419 1096 3473 Platos
1123 3418 1313 3488 Dialog
1341 3419 1618 3486 „Kriton“
1656 3419 1813 3473 sucht
1848 3419 2040 3473 Kriton
2076 3420 2181 3473 den
2208 3419 2413 3473 Lehrer
2449 3436 2546 3471 zur
2572 3417 2765 3471 Flucht

308 3524 377 3561 811
427 3507 745 3561 iiberreden.
798 3540 866 3549 --
916 3509 992 3561 ad
1035 3513 1261 3562 mortem
1311 3508 1491 3577 trudi]
1545 3507 2022 3577 „hinabgestol'sen
2071 3509 2295 3561 11881118ιι
2313 3548 2326 3574 ,
2378 3507 2478 3560 wie
2535 3506 2764 3575 leqiorws

309 3596 608 3649 truduntur
643 3597 708 3649 in
736 3597 981 3666 paludes.

449 3738 604 3807 Καρ.
636 3739 736 3796 30.
808 3753 891 3793 72.
918 3740 1258 3809 duplicesque
1283 3741 1498 3809 cursus]
1529 3740 1694 3807 „eine
1722 3738 2762 3808 8881188118(διττοὶ)Ἦ811ᾱ811188“.-

304 3826 542 3895 flaqitiis
568 3845 624 3881 se
649 3827 1108 3897 inquinavissent]
1146 3846 1202 3882 se
1227 3828 1526 3897 inquinare
1562 3828 1698 3898 (sich
1725 3827 2027 3895 beflecken)
2056 3828 2198 3895 passt
2224 3827 2408 3881 besser
2436 3844 2500 3880 zu
2527 3827 2765 3897 slayitiis

309 3916 387 3969 als
425 3933 490 3968 zu
526 3915 694 3970 vitiis,
746 3948 813 3957 -—-
862 3934 921 3970 re
958 3917 1184 3986 publiea
1218 3917 1493 3987 violanda]
1542 3916 1757 3985 „durch
1793 3916 2130 3986 Sch‘adigung
2165 3917 2261 3970 des
2296 3916 2503 3972 Staates
2542 3917 2764 3986 (offent-

308 4005 478 4059 licher
513 4005 900 4074 Interessen)“.
953 4038 1021 4046 —-
1069 4006 1291 4074 fraudes
1335 4007 1477 4061 inex.
1530 4007 1698 4075 eone]
1753 4006 2143 4073 „unsiihnbare
2180 4005 2763 4074 Pflichtverletzungen

304 4093 694 4164 (Verbrechen)
731 4095 846 4148 sich
889 4095 1077 4150 hatten
1115 4095 1443 4150 zuschulden
1480 4095 1730 4149 kommen
1768 4094 2002 4149 lassen“.
2048 4126 2115 4135 —
2152 4094 2389 4164 devium]
2430 4135 2460 4162 „
2474 4094 2762 4160 abwarts“,

305 4182 628 4252 Gegensatz:
668 4184 731 4237 in
767 4184 991 4238 eaelum.

452 4286 532 4328 73.
572 4276 970 4344 commemorat]
1011 4273 1210 4341 „weist
1245 4274 1435 4327 darauf
1461 4272 1553 4326 hin
1570 4275 1619 4325 “.
1659 4304 1727 4312 —
1765 4279 1826 4327 ut
1861 4272 2026 4341 eyyni
2183 4289 2293 4341 qua
2311 4270 2646 4340 providentes
2676 4311 2689 4323 .
2713 4311 2761 4328 .,

302 4361 638 4432 moriantur]
689 4363 798 4417 Das
847 4380 914 4417 811
948 4368 1009 4417 ut
1051 4362 1301 4433 gehiirige
1336 4362 1649 4417 moriantur
1685 4362 1779 4416 hat
1813 4362 2047 4416 leichten
2084 4359 2375 4416 Anschlui's
2413 4376 2481 4413 an
2517 4360 2624 4413 den
2659 4360 2763 4413 Re-
