3221 4850
243 466 326 528 12

262 553 326 596 26

267 1566 328 1609 27

345 313 418 372 42
482 257 591 413 Ῡὶ
620 294 632 310 ⁴⁴
1147 311 1561 367 Tusculanarum
1599 311 2015 381 disputationum
2059 367 2062 370 Α

525 473 610 539 Α.
673 475 928 559 Expone
960 475 1173 557 igitur,
1204 475 1328 539 nisi
1358 475 1703 539 molestum
1735 476 1851 552 est,
1881 474 2258 557 primum,
2305 474 2358 538 si
2388 477 2587 557 poteS,
2635 474 2808 538 ani-

347 601 512 647 mos
559 600 982 647 remanere
1029 584 1214 665 post
1259 582 1631 658 mortem,
1679 582 1838 659 tum,
1886 581 1941 645 si
1985 581 2198 645 minus
2244 580 2310 644 id
2341 581 2649 645 obtinebis
2682 581 2807 663 (est

348 690 521 754 enim
567 688 896 772 arduum),
957 689 1286 753 docebis
1346 707 1628 754 carere
1690 689 1900 752 omni
1958 688 2167 752 malo
2228 690 2582 752 mortem.
2671 687 2807 770 Ego

350 797 520 860 enim
573 796 743 861 istuc
794 796 1006 879 ipsum
1062 814 1282 861 vereor
1334 815 1415 859 ne
1471 796 1718 859 malum
1774 795 1889 872 sit,
1949 813 2077 858 non
2134 794 2270 859 dico
2327 813 2393 859 ca
2402 813 2539 858 rere
2597 812 2806 872 sensu,

351 902 462 967 sed
509 902 853 967 carendum
901 921 1058 967 esse.

527 1009 627 1074 M.
698 1010 1204 1075 Auctoribus
1265 1009 1525 1091 quidem
1586 1008 1667 1073 ad
1723 1008 1917 1072 ista-m
1979 1008 2394 1085 sententiam,
2460 1026 2654 1088 quam
2713 1006 2814 1085 vis

351 1116 648 1196 obtineri,
707 1117 804 1181 uti
851 1117 1106 1201 optimis
1153 1135 1524 1200 possumne,
1587 1115 1755 1198 quod
1800 1116 1867 1179 in
1914 1115 2206 1179 omnibus
2253 1115 2460 1179 causis
2508 1117 2574 1178 et
2620 1114 2808 1178 debet

351 1224 418 1287 et
463 1224 625 1288 solet
668 1225 880 1290 valere
912 1224 1279 1308 plurimum,
1327 1225 1392 1287 et
1435 1223 1716 1306 primum
1750 1222 2007 1304 quidem
2038 1221 2208 1286 omni
2257 1221 2807 1303 antiquitate,

353 1349 516 1414 quae
564 1349 687 1412 quo
733 1332 990 1415 propius
1053 1332 1273 1395 aberat
1329 1331 1407 1394 ab
1462 1332 1609 1395 ortu
1655 1333 1722 1394 et
1765 1329 1980 1393 divina
2026 1329 2355 1413 progenie,
2411 1329 2533 1393 hoc
2576 1327 2806 1392 melius

353 1457 428 1502 ea
472 1436 759 1516 fortasse,
809 1457 971 1519 quae
1020 1440 1204 1503 erant
1248 1458 1418 1516 vera,
1465 1438 1783 1503 cernebat.
2317 1522 2324 1527 ἱ

528 1545 757 1627 Itaque
812 1564 1016 1610 unum
1067 1546 1230 1610 illud
1285 1548 1424 1611 erat
1477 1544 1745 1609 insitum
1801 1543 2026 1627 priscis
2083 1543 2242 1620 illis,
2303 1561 2459 1624 quos
2507 1547 2809 1619 ,‚cascos“

354 1652 634 1737 appellat
677 1653 952 1730 Enniu8‚
1013 1672 1150 1717 esse
1206 1653 1273 1717 in
1326 1654 1531 1717 morte
1588 1670 1848 1716 sensum
1905 1669 2111 1732 neque
2174 1668 2434 1714 excessu
2489 1649 2657 1713 vitae
2719 1647 2810 1712 sic

356 1759 551 1824 deleri
609 1759 963 1838 hominem,
1030 1763 1106 1824 ut
1165 1759 1453 1824 funditus
1516 1758 1847 1833 interiret;
1917 1757 2109 1839 idque
2175 1776 2322 1821 cum
2379 1756 2602 1846 multis
2668 1754 2808 1819 aliis

354 1868 544 1932 rebus
592 1869 733 1930 tum
780 1885 813 1932 e
862 1867 1179 1951 pontificio
1224 1867 1361 1932 iure
1409 1869 1475 1931 et
1521 1885 1554 1930 e
1602 1864 1998 1930 caerimoniis
2047 1863 2481 1947 sepulcrorum
2526 1861 2811 1943 intellegi

355 1974 522 2051 licet,
571 1993 728 2056 quas
776 1974 1068 2039 maximis
1113 1974 1384 2057 ingeniis
1415 1973 1691 2057 praediti
1735 1991 1853 2037 nec
1882 1974 2068 2036 tanta
2113 1990 2266 2036 cura
2313 1970 2658 2035 coluissent
2694 1987 2813 2033 nec

356 2081 623 2145 violatas
655 2084 793 2145 tam
822 2081 1187 2164 inexpiabili
1230 2082 1531 2163 religione
1580 2080 1958 2155 sanxissent,
2004 2078 2129 2142 nisi
2158 2078 2451 2141 haereret
2479 2077 2546 2140 in
2594 2094 2812 2140 eorum

355 2188 677 2252 mentibus
723 2190 996 2253 mortem
1050 2206 1176 2252 non
1229 2188 1562 2252 interitum
1622 2205 1760 2251 esse
1817 2186 2030 2249 omnia
2074 2185 2409 2249 tollentem
2464 2186 2658 2265 atque
2706 2181 2814 2245 de-

355 2296 614 2372 lentem,
661 2294 769 2358 sed
806 2294 1127 2376 quandam
1161 2294 1342 2376 quasi
1389 2293 1835 2376 migrationem
1882 2292 2573 2371 commutationemque
2621 2289 2808 2365 vitae,

393 2548 629 2599 Boweiso
665 2548 754 2596 fiir
791 2548 875 2597 die
912 2549 1206 2596 Fortdauor
1244 2549 1336 2597 der
1372 2546 1520 2597 86616
1556 2547 1695 2596 nach
1732 2547 1849 2595 dem
1876 2546 2028 2595 rode.
2094 2539 2248 2609 (Kap.
2280 2540 2365 2605 12,
2404 2539 2632 2604 16-32,
2653 2536 2777 2605 77.)

502 2649 655 2717 Kal).
698 2648 800 2705 12.
877 2660 959 2703 26.
1008 2649 1059 2717 a)
1098 2646 1779 2703 Autoritatsbeweis
1816 2645 2027 2716 (Alter).
2066 2678 2136 2686 —
2172 2645 2257 2699 vis
2283 2643 2543 2713 obtineri]
2574 2641 2813 2710 „durch-

359 2738 578 2807 gefiihrt
614 2737 968 2808 (verfochten)
1005 2755 1074 2791 zu
1119 2738 1287 2792 sehen
1331 2737 1698 2792 wiinschest“.
1749 2768 1819 2776 —-
1868 2735 1935 2789 in
1978 2734 2235 2789 omnibus
2279 2734 2487 2803 causis]
2527 2733 2626 2801 „in
2677 2731 2852 2785 allen·

360 2826 722 2883 Streitsachen
768 2826 1102 2896 (Prozessen)
1115 2828 1163 2880 “.
1218 2858 1285 2867 —
1340 2826 1687 2896 antiquitate]
1739 2825 1840 2881 Die
1888 2824 2212 2893 Mythologie
2263 2822 2403 2878 wohl
2453 2822 2587 2877 aller
2621 2820 2818 2876 Volker

360 2916 538 2986 bringt
563 2917 649 2970 die
684 2916 911 2971 altesten
939 2916 1233 2971 Menschen
1270 2916 1326 2968 in
1362 2916 1562 2969 nabere
1589 2914 1900 2982 Beziehung
1936 2931 2003 2967 zu
2030 2914 2136 2966 den
2164 2913 2402 2967 Gottern.
2468 2917 2538 2968 Οἱ
2568 2913 2817 2977 παλαιοὶ,

361 3008 479 3075 sagt
514 3005 665 3060 Plato
700 3005 756 3058 in
793 3007 912 3060 dem
949 3004 1138 3074 Dialog
1173 3003 1421 3060 Philebus
1457 3021 1507 3073 p.
1538 3006 1668 3070 161),
1705 3010 2007 3074 κρείττονες
2042 3006 2197 3077 ἡμῶν
2232 3007 2326 3057 καὶ
2363 3004 2632 3073 ἐγγυτέρω
2668 3000 2816 3068 (pro-

354 3096 490 3165 pius
538 3095 632 3165 ab)
668 3104 812 3151 θεῶν
849 3102 1150 3163 uincentem
1201 3093 1532 3163 „antiquitas
1576 3093 1820 3162 proxime
1866 3092 2073 3146 accedit
2118 3092 2184 3145 ad
2229 3092 2416 3158 deos“,
2467 3088 2574 3145 Cic.
2612 3090 2677 3143 de
2713 3088 2816 3158 leg.

362 3185 444 3252 Π,
481 3187 568 3240 27.
617 3216 685 3224 -
735 3184 803 3238 ab
852 3185 994 3254 ortu]
1045 3200 1212 3252 „vom
1249 3183 1558 3252 Ursprung,
1608 3198 1716 3236 von
1764 3182 1862 3235 der
1897 3180 2120 3235 Genesis
2170 3180 2287 3250 (der
2331 3178 2708 3247 Menschen)“.
2748 3195 2818 3217 -’

361 3272 557 3327 divina
610 3272 888 3343 proyenie]
955 3288 1102 3340 „von
1164 3273 1262 3326 der
1323 3271 1617 3341 gottlichen
1678 3271 1989 3338 Abkunft“,
2046 3268 2329 3340 proyenies
2392 3283 2659 3336 synonym
2722 3265 2820 3319 mit

362 3366 535 3429 ortus,
585 3361 722 3416 doch
769 3361 841 3415 ist
887 3360 1024 3416 auch
1069 3360 1157 3415 die
1193 3360 1518 3415 Heroenzeit
1552 3360 1720 3415 damit
1756 3360 2090 3429 angedeutet.
2139 3389 2207 3398 —
2255 3359 2351 3411 hoc
2385 3356 2604 3425 metius]
2661 3380 2724 3399 =
2760 3371 2819 3409 eo

362 3450 574 3505 melius.

511 3552 593 3595 27.
630 3558 808 3595 unum
843 3540 1005 3610 illud]
1042 3540 1151 3594 fast
1184 3565 1255 3585 ===
1291 3539 1435 3594 illud
1467 3537 1534 3593 in
1561 3538 1773 3608 prrmis
1802 3538 1901 3606 „in
1938 3538 2111 3591 erster
2137 3534 2288 3590 Linie
2318 3536 2473 3589 das“.
2514 3563 2580 3573 —
2618 3535 2819 3604 caseos]

365 3630 476 3683 Das
503 3628 610 3683 alte
638 3629 937 3684 sabinische
954 3629 1113 3683 Wort
1131 3628 1444 3683 bezeichnet
1462 3628 1600 3696 „das
1620 3626 2107 3695 Altehrwiirdige“.
2137 3657 2205 3666 —
2236 3624 2479 3694 Ennius]
2500 3640 2542 3678 s.
2563 3640 2610 3678 o.
2631 3626 2729 3693 53.
2752 3654 2822 3663 —

365 3735 582 3773 excessu
606 3718 767 3788 vitae]
796 3718 939 3772 wohl
967 3744 1031 3762 =
1061 3735 1276 3773 excessu
1309 3736 1338 3772 e
1372 3717 1501 3771 vita.
1541 3748 1609 3757 —
1640 3716 1931 3786 pontificio
1966 3715 2108 3785 iure]
2136 3716 2213 3769 Zu
2240 3715 2363 3768 dem
2387 3711 2825 3767 Pontifikalrecht

368 3806 527 3878 (auch
563 3806 656 3860 ius
685 3806 1024 3876 pontificale)
1062 3807 1319 3877 gehorten
1353 3824 1406 3861 u.
1444 3822 1491 3860 a.
1529 3805 1973 3874 Bestimmungen
2008 3804 2144 3858 iiber
2171 3802 2461 3872 Begriibnis
2497 3802 2607 3855 und
2631 3802 2822 3856 'Poten-

367 3896 520 3950 feier.
561 3926 628 3935 -
666 3895 1021 3949 caerimoniis
1056 3896 1481 3966 sepulchrorum]
1518 3895 1639 3950 Von
1678 3895 1825 3963 „den
1853 3893 2377 3962 Grabgebriiuchen“
2405 3890 2610 3946 erzahlt
2636 3890 2825 3948 Cicero

368 3984 643 4039 mehreres
690 3982 742 4036 in
790 3984 975 4038 seinen
1013 3985 1380 4053 „Gesetzen“.
1430 4017 1500 4026 —
1548 3984 1780 4039 violatas
1818 4025 1830 4037 .
1854 4025 1865 4037 .
1889 4025 1901 4037 .
1938 3982 2271 4053 sanxissent]
2310 3983 2448 4050 „aui
2482 3982 2650 4036 deren
2686 3980 2824 4035 Ver-

369 4074 587 4143 letzung
621 4072 699 4128 sie
735 4072 887 4128 nicht
922 4073 1079 4128 einen
1116 4090 1174 4129 so
1210 4074 1591 4128 unsiihnbaren
1629 4075 1672 4128 F
1673 4073 1798 4127 luch
1833 4074 2039 4143 gesetzt
2072 4072 2317 4127 hatten“.
2372 4102 2438 4112 -
2489 4071 2725 4125 haereret
2758 4067 2826 4122 in

371 4204 383 4216 .
407 4204 418 4215 .
441 4164 476 4233 .]
514 4179 781 4232 synonym
827 4180 894 4217 zu
939 4162 1172 4217 insitum
1215 4167 1361 4217 esset.
1412 4193 1482 4203 --
1530 4163 1812 4233 quandam
1848 4161 2040 4232 quasi]
2091 4160 2189 4215 Bei
2236 4160 2422 4217 Cicero
2467 4160 2633 4214 ofters
2679 4156 2824 4211 diese

371 4252 626 4323 Hausung
661 4252 756 4307 des
785 4251 1151 4321 Ausdrucke83
1188 4251 1274 4305 die
1298 4251 1579 4321 Metapher
1603 4252 1865 4321 miqratio
1901 4251 1973 4305 ist
2009 4251 2200 4305 zudem
2233 4249 2355 4303 hier
2387 4248 2543 4302 keine
2579 4263 2685 4301 von
2720 4246 2827 4300 den

372 4343 663 4410 gewagten.
701 4372 770 4382 -
806 4340 1188 4411 miqrationem
1227 4340 1801 4411 commutationemque
1835 4340 1995 4411 vitae]
2036 4339 2418 4408 „Wanderung
2452 4336 2561 4391 und
2591 4335 2828 4391 Lebens-

3163 646 3199 762 ,ςζᾳ
