3221 4850
1299 281 1412 335 Lib.
1451 282 1495 350 ι,
1534 298 1580 335 0.
1618 283 1775 338 8-9.
2699 284 2771 345 35

493 443 593 507 M.
662 442 847 522 Quid,
895 445 949 508 si
996 447 1059 508 te
1107 463 1408 526 rogavero
1456 444 1743 526 aliquid?
1789 462 1999 508 nonne
2046 444 2500 527 respondebis?
2796 465 2851 507 ιι

493 551 576 615 Α.
651 550 1010 633 Superbum
1070 552 1135 615 id
1199 551 1456 633 quidem
1516 554 1641 627 est,
1711 551 1856 628 sed,
1924 551 2049 615 nisi
2096 551 2249 632 quid
2307 570 2568 617 necesse
2631 554 2769 630 erit,

316 659 486 722 male
533 676 661 722 non
706 677 908 739 roges,

494 762 595 828 Μ.
669 763 906 829 Geram
951 765 1068 829 tibi
1112 783 1357 828 morem
1405 766 1471 829 et.
1513 782 1606 841 ea,
1656 782 1817 846 quae
1866 765 1980 841 viS‚
2025 768 2102 829 ut
2146 766 2381 848 potere,
2432 766 2767 849 explicabO,
2788 770 2832 832 9

316 889 434 936 nec
463 872 682 935 tamen
717 871 899 953 quasi
929 870 1201 953 Pythius
1234 870 1477 954 Apelle,
1525 874 1700 934 certa
1746 873 1820 934 ut
1867 870 1996 934 sint
2042 872 2108 934 et
2151 870 2292 950 fixa,
2342 890 2504 953 quae
2538 872 2769 952 dixere,

319 977 431 1042 sed
489 978 566 1041 ut
621 977 1050 1042 homunculus
1105 996 1272 1041 unus
1322 996 1354 1041 6
1400 977 1624 1041 multis
1669 977 2021 1059 probabilia
2066 977 2429 1043 coniectura
2477 998 2767 1063 sequens,

318 1083 506 1150 Ultra
564 1084 733 1148 enim
790 1103 913 1166 que
971 1084 1370 1168 progrediar,
1441 1103 1635 1165 quam
1691 1087 1768 1147 ut
1825 1086 1959 1149 veri
2018 1084 2251 1149 similia
2299 1086 2574 1162 videam,
2642 1106 2769 1151 non

316 1192 550 1265 habee;
623 1194 797 1255 certa
844 1191 1056 1256 dicent
1112 1192 1186 1268 ii,
1257 1191 1367 1273 qui
1427 1196 1493 1255 et
1536 1191 1776 1275 percipi
1823 1209 1899 1255 ea
1943 1209 2128 1273 posse
2176 1191 2398 1256 dicunt
2445 1195 2510 1257 et
2556 1212 2623 1257 se
2672 1212 2771 1257 sa-

317 1297 561 1381 pientes
612 1316 750 1362 esse
797 1298 1194 1381 profitentur.
2855 1292 2892 1375 2³}
2945 1318 2950 1325 ’

494 1403 579 1467 A.
649 1405 764 1482 Tu,
810 1406 886 1468 ut
931 1405 1217 1479 videtum
1263 1423 1378 1469 nos
1428 1404 1509 1468 ad
1556 1403 1946 1469 audiendum
1989 1405 2200 1486 parati
2247 1424 2490 1470 sumus.
2733 1462 2740 1469 s
2831 1410 2910 1487 's

495 1510 596 1574 M.
665 1512 874 1575 Mors
919 1512 1117 1593 igitur
1163 1512 1329 1594 ipsa,
1378 1529 1540 1593 quae
1587 1511 1839 1576 videtur
1882 1511 2217 1575 notissima
2261 1531 2363 1575 res
2412 1531 2568 1590 esse,
2617 1513 2770 1595 quid
2792 1498 2858 1576 ἵε

321 1618 436 1695 sit,
499 1619 778 1700 primum
839 1621 941 1683 est
996 1618 1357 1682 videndum.
1460 1616 1627 1681 Sunt
1684 1617 1854 1682 enim
1916 1618 2024 1699 qui
2084 1618 2434 1683 discessum
2493 1619 2689 1683 animi
2735 1638 2773 1682 a

320 1743 577 1807 corpore
624 1726 859 1807 putent
906 1743 1043 1789 esse
1090 1726 1400 1797 mortem3
1461 1725 1615 1787 sunt
1662 1725 1773 1804 qui
1816 1724 2069 1788 nullum
2115 1728 2418 1789 censeant
2462 1726 2599 1796 fieri
2645 1726 2771 1790 dis-

319 1849 603 1908 cessum,
658 1830 774 1895 sed
832 1850 962 1895 una
1019 1831 1304 1895 animum
1353 1833 1418 1895 et
1464 1850 1690 1914 cerpus
1738 1830 2018 1895 occidere
2067 1832 2477 1914 animumque
2524 1833 2592 1896 in
2640 1852 2772 1897 ccr-

317 1956 467 2022 pore
516 1938 850 2019 exstingui.
943 1936 1066 2017 Qui
1113 1937 1433 2002 discedere
1482 1937 1770 2002 animum
1816 1939 2107 2015 censent,
2170 1937 2278 2002 alii
2323 1939 2543 2003 statim
2590 1939 2773 2004 dissi-

317 2045 475 2126 pari,
523 2044 631 2107 alii
661 2043 771 2107 diu
800 2063 1190 2127 permanere,
1238 2045 1346 2109 alii
1392 2063 1657 2127 semper.
1750 2042 1916 2123 Quid
1956 2044 2041 2108 sit
2070 2064 2252 2128 porro
2285 2045 2421 2128 ipse
2456 2047 2772 2111 animus

2869 1173 2906 1187 f

317 2307 456 2359 gang
499 2306 621 2343 vom
671 2289 1027 2359 dialogischen
1064 2289 1587 2360 Eingangsgespr'aeich
1636 2307 1756 2344 zum
1795 2291 2464 2360 „zusammenhiingenden
2500 2292 2771 2362 Vortrag“

315 2379 601 2434 motiviert.

468 2483 545 2524 17.
583 2469 875 2539 superbum
909 2469 973 2523 id
1005 2468 1219 2538 quidem
1257 2470 1355 2538 est]
1395 2470 1532 2537 „das
1570 2469 1740 2523 hiesse
1778 2469 1894 2523 sieh
1930 2470 2051 2523 aufs
2085 2468 2225 2523 hehe
2263 2470 2391 2525 Rosss
2427 2473 2669 2525 setzen“.
2703 2503 2770 2511 —

316 2574 429 2612 non
462 2559 633 2628 reyes]
671 2575 796 2626 non,
835 2558 986 2611 nieht
1018 2574 1102 2625 ne,
1141 2574 1326 2626 wegen
1363 2558 1461 2611 der
1495 2558 1791 2627 Betonung.

461 2702 616 2770 Καρ.
645 2702 706 2758 9.
791 2701 992 2754 Geram
1017 2701 1241 2769 morem]
1279 2700 1487 2754 Morem
1508 2718 1689 2770 μενοι-6
1723 2700 1824 2754 wie
1860 2701 1956 2755 das
1972 2701 2195 2769 'hiiufige
2231 2702 2564 2771 morigerari
2589 2701 2770 2770 „will-

317 2791 511 2845 fabren
522 2793 571 2844 “.
610 2821 679 2830 —
727 2788 962 2858 Pythius
1011 2787 1222 2858 Apollo]
1270 2788 1372 2842 wie
1421 2789 1839 2859 sprichwbrtlich
1892 2789 1968 2842 im
2016 2789 2398 2844 Grieehischen
2447 2794 2518 2854 ὡς
2568 2795 2626 2847 ἐκ
2673 2803 2773 2846 τοῦ

318 2881 584 2952 τρίποδος
608 2903 679 2923 =
709 2877 1099 2945 „unfehlbar“.
1139 2910 1206 2917 —
1243 2884 1305 2931 ut
1339 2878 1701 2932 homunculus
1736 2895 1884 2932 uuus
1919 2896 1946 2932 e
1980 2880 2191 2948 multis]
2232 2878 2353 2947 „als
2379 2879 2773 2947 gewiihnlicher

316 2967 688 3021 Erdensohn“.
727 3003 798 3012 -
837 2966 1171 3036 probabilia]
1210 2966 1288 3021 als
1325 2966 1695 3020 Akademiker.
1735 2998 1803 3006 —
1848 2967 2159 3021 coniectura
2192 2969 2436 3037 sequeus]
2475 3007 2507 3035 „
2520 2969 2614 3022 auf
2648 2968 2770 3022 dem

316 3056 458 3125 Weg
492 3056 590 3110 der
624 3057 1035 3124 Vermutung“;
1085 3056 1315 3110 starker:
1365 3056 1678 3110 coniectura
1727 3057 1943 3123 (mente,
1994 3056 2334 3124 coqitatioue)
2383 3056 2653 3126 couseqm'.
2700 3087 2769 3097 —

317 3162 420 3214 quo
448 3144 774 3213 proyrediar
811 3184 823 3196 .
847 3185 858 3197 .
882 3184 894 3197 .
931 3161 1043 3198 nou
1078 3144 1263 3214 habeo]
1301 3144 1403 3198 wie
1442 3148 1540 3199 οὐκ
1575 3147 1698 3217 ἔχω,
1736 3147 1883 3212 ὅποι,
1923 3145 2051 3213 „ioh
2080 3145 2217 3199 habe
2245 3145 2400 3199 keine
2428 3145 2773 3216 Meglichkeit

318 3232 648 3303 (Fiihigkeit),
686 3232 874 3286 weiter
910 3250 975 3285 zu
1011 3232 1244 3301 gehen“.
1285 3264 1353 3272 —-
1390 3233 1491 3302 qui
1525 3274 1537 3286 .
1560 3274 1572 3285 .
1595 3273 1607 3286 .
1639 3232 1880 3303 percipi]
1917 3234 2020 3287 Die
2050 3234 2271 3302 Stoiker,
2300 3233 2385 3288 die
2423 3234 2510 3289 ein
2544 3236 2770 3305 untriig-

319 3322 489 3376 liches
526 3322 783 3376 Ersassen
816 3322 926 3374 und
964 3321 1181 3375 Wissen
1218 3322 1534 3375 annehmen.
1573 3353 1642 3362 -
1700 3322 1776 3376 Pu
1809 3328 1871 3377 ut
1904 3323 2136 3392 videtur]
2173 3322 2273 3376 Bei
2309 3323 2414 3377 den
2450 3323 2772 3379 Pronomina

317 3411 501 3466 fehlen
538 3411 703 3466 leicht
738 3410 824 3464 die
859 3411 1040 3465 Verba
1075 3411 1170 3465 des
1207 3411 1348 3466 Tuns
1385 3412 1492 3465 und
1530 3411 1730 3481 Sagens
1768 3410 1892 3481 (vgl.
1931 3415 1962 3482 ξ
2001 3412 2105 3481 77).

316 3576 710 3638 Einssehendere
744 3577 1074 3639 Brertorung
1108 3578 1201 3626 ᾱοι·
1236 3578 1436 3640 Frage,
1481 3578 1586 3626 ιιιιᾱ
1623 3590 1768 3627 zvar
1803 3579 2059 3627 machot
2093 3579 2188 3627 dor
2222 3577 2631 3628 verschiedenon
2665 3577 2769 3626 Διι-

691 3666 894 3715 6ἰ61ιι6ιι
929 3668 1025 3716 der
1058 3666 1406 3724 Phnonophen
1440 3668 1570 3715 fiber
1607 3668 1715 3716 'rod
1748 3668 1854 3716 und
1890 3666 2052 3716 86616.
2125 3662 2176 3731 (ξ
2215 3662 2283 3715 18
2299 3661 2386 3729 ff.)

467 3778 544 3825 18.
583 3765 734 3820 Mors
782 3765 976 3837 iqitur]
1022 3767 1123 3821 Mit
1165 3766 1342 3836 iqitur
1386 3794 1456 3813 ---
1501 3771 1609 3841 μὲν
1646 3767 1744 3824 οὖν
1778 3766 1998 3837 beginnt
2041 3767 2127 3821 die
2173 3765 2490 3837 cigentliche
2529 3768 2769 3822 Ausfiih-

318 3871 470 3925 rung.
509 3886 576 3895 --
614 3855 932 3926 discessum]
963 3861 1269 3932 χωρισμόν,
1309 3898 1341 3927 „
1354 3858 1702 3926 Trennung“.
1774 3857 1911 3911 Wer
1946 3856 2047 3910 wie
2083 3855 2347 3926 Chrysipp
2393 3856 2479 3911 die
2515 3856 2770 3927 Meglich-

316 3943 428 3999 keit
476 3945 625 3998 einer
660 3944 1009 4015 Verbindung
1056 3945 1305 4016 leugnete
1323 3987 1336 4014 ,
1386 3947 1584 4001 musste
1637 3946 1775 4000 auch
1825 3946 1929 4000 den
1969 3945 2209 4001 Glauben
2259 3962 2329 4001 an
2363 3946 2449 3999 die
2486 3946 2771 4015 Trennung

315 4033 634 4088 verwersen.
673 4065 740 4074 —
777 4033 844 4088 iu
878 4036 1113 4104 corpore]
1152 4034 1294 4089 beim
1330 4034 1645 4104 Untergang
1680 4035 1775 4089 des
1802 4035 1887 4103 K,
1925 4035 2101 4103 wenig
2136 4033 2487 4089 verschieden
2523 4050 2630 4088 von
2653 4052 2772 4090 una

315 4140 442 4178 cum
477 4139 708 4192 empore.
757 4154 825 4163 -
874 4124 1064 4178 statim
1098 4124 1398 4195 dissipari]
1435 4140 1494 4179 so
1531 4124 1616 4178 die
1653 4124 1945 4193 Epikureer
1981 4123 2336 4195 (Atomisten).
2386 4154 2454 4162 —
2503 4122 2606 4177 diu
2642 4139 2769 4192 per-

314 4212 555 4283 manere]
592 4200 745 4267 {Ther
778 4212 864 4267 die
902 4213 1245 4267 Gnadenirist
1280 4216 1522 4282 (usura),
1570 4213 1774 4267 welche
1811 4213 1896 4267 die
1933 4213 2142 4269 Stoiker
2175 4212 2232 4265 in
2268 4211 2525 4267 Aussicht
2558 4210 2768 4280 stellen,

316 4301 529 4357 scherzt
564 4299 748 4359 cicero
785 4302 967 4357 effers,
1007 4335 1074 4343 —-
1112 4304 1339 4372 semper]
1377 4302 1514 4357 nach
1541 4302 1639 4357 der
1674 4302 1903 4357 Ansicht
1936 4303 2033 4357 des
2068 4302 2332 4370 Sokrates‚
2370 4300 2523 4356 Plato
2557 4317 2612 4356 u.
2650 4316 2696 4357 a.

2262 4393 2297 4447 3
2310 4391 2340 4426 a·
