3221 4850
1276 272 1389 328 Lib.
1426 273 1501 341 Π,
1538 288 1583 326 c.
1621 272 1780 328 3—4.
2658 266 2758 327 121

483 440 603 504 Est
658 438 860 521 igitur
918 436 1395 502 ambulantibus
1458 435 1540 499 ad
1598 435 1772 499 hunc
1827 433 2090 498 modum
2147 450 2356 498 sermo
2414 432 2521 497 ille
2577 431 2758 496 nobis
2776 413 2822 474 4

300 547 644 613 institutus
691 548 759 610 et
804 564 843 610 a
887 544 1004 609 tali
1052 543 1330 626 quodam
1377 542 1607 608 ductus
1656 539 1923 606 exordio.

481 660 567 726 A.
628 660 773 726 Dici
816 678 947 724 non
989 661 1219 743 potest,
1267 677 1462 741 quam
1508 657 1631 722 sim
1677 657 1980 722 hesterna
2018 655 2447 739 disputatione
2495 656 2610 718 tua
2654 654 2762 719 de-

302 770 580 835 lectatus
628 766 731 832 vel
776 765 987 850 potius
1035 765 1313 830 adiutus·
1401 764 1546 828 Etsi
1600 764 1773 829 enim
1828 763 1987 827 mihi
2040 780 2188 827 sum
2232 762 2521 827 conscius
2575 780 2763 825 num-

307 894 504 958 quam
548 894 651 939 me
695 873 887 938 nimis
932 872 1102 938 vitae
1149 872 1452 956 cupidum
1495 871 1714 949 fuisse,
1759 873 1978 935 tamen
2020 870 2344 935 interdum
2377 868 2763 934 obiciebatur

295 982 517 1048 ‘animo
564 983 777 1046 metus
811 980 1071 1062 quidam
1120 981 1187 1044 et
1231 978 1407 1044 dolor
1453 978 1760 1061 cogitanti
1805 977 1938 1043 fore
1971 977 2312 1060 aliquando
2342 976 2536 1041 finem
2569 975 2762 1040 huius

304 1089 467 1155 lucis
538 1090 606 1153 et
674 1086 1082 1152 amissionem
1150 1086 1435 1151 omnium
1503 1085 1672 1151 vitae
1744 1083 2234 1151 commodorum.
2337 1083 2477 1148 Hoc
2535 1100 2763 1165 genere

306 1196 637 1261 molestiae
686 1194 804 1271 sic,
862 1192 1022 1257 mihi
1067 1193 1281 1271 crede,
1342 1211 1488 1257 sum
1531 1191 1839 1257 liberatus
1854 1239 1871 1269 ‚
1929 1192 2005 1255 ut
2057 1190 2216 1254 nihil
2268 1190 2483 1254 minus
2538 1207 2766 1255 curan·

307 1303 464 1368 dum
506 1303 747 1385 putem.
2478 1339 2486 1346 .

484 1415 584 1481 M.
644 1416 912 1481 Minime
956 1415 1195 1479 mirum
1240 1414 1307 1479 id
1354 1414 1633 1496 quidem.
1714 1414 1886 1478 Nam
1932 1413 2127 1479 efficit
2171 1414 2292 1478 hoc
2334 1412 2762 1497 philosophia:

307 1525 604 1589 medetur
636 1522 884 1600 animiS,
927 1522 1148 1587 inanes
1183 1521 1642 1586 sollicitudines
1674 1521 1973 1598 detrahit,
2020 1520 2472 1604 cupiditatibus
2518 1521 2765 1598 liberat,

306 1632 490 1715 pellit
534 1632 813 1695 timores.
906 1628 1032 1693 Sed
1086 1629 1245 1694 haec
1300 1629 1438 1693 eius
1493 1629 1589 1693 vis
1648 1647 1777 1693 non
1820 1628 1993 1693 idem
2036 1629 2249 1711 potest
2294 1627 2464 1711 apud
2511 1645 2764 1702 omnes;

307 1741 452 1804 tum
496 1738 669 1803 valet
712 1737 1013 1813 multum,
1061 1755 1208 1800 cum
1252 1738 1354 1800 est
1381 1735 1676 1800 idoneam
1709 1736 2035 1818 complexa
2063 1739 2381 1799 naturam.
2454 1734 2765 1811 „Fortes“

308 1846 479 1910 enim
524 1864 652 1909 non
696 1844 885 1908 modo
930 1842 1231 1919 „fortuna
1278 1842 1539 1908 adiuvat
1549 1848 1601 1919 “,
1646 1845 1724 1907 ut
1769 1845 1869 1907 est
1912 1843 1980 1906 in
2019 1844 2232 1907 vetere
2263 1841 2609 1925 proverbio,
2654 1840 2766 1904 sed

309 1952 517 2016 multo
575 1950 782 2032 magis
840 1950 1003 2015 ratio
1019 1998 1035 2027 ‚
1105 1968 1269 2032 quae
1330 1950 1718 2033 quibusdam
1777 1950 1963 2031 quasi
2019 1949 2373 2033 praeceptis
2436 1948 2769 2013 confirmat

310 2058 442 2124 vim
486 2056 898 2122 fortitudinis.
966 2056 1054 2121 Te
1100 2059 1335 2121 natura
1380 2057 1703 2122 excelsum
1746 2055 2064 2139 quendam
2110 2055 2404 2120 videlicet
2450 2057 2516 2119 et
2560 2055 2768 2119 altum

311 2169 378 2231 et
406 2166 690 2229 humana
722 2164 1174 2247 despicientem
1206 2165 1443 2246 genuit,
1487 2164 1709 2246 itaque
1753 2163 1936 2228 facile
1957 2241 1961 2244 Α
1982 2163 2050 2226 in
2096 2162 2307 2227 animo
2354 2162 2504 2226 forti
2550 2163 2769 2226 contra

310 2274 588 2337 mortem
633 2271 854 2335 habita
899 2271 1135 2336 insedit
1181 2271 1402 2336 oratio.
1481 2270 1607 2335 Sed
1653 2271 1814 2336 haec
1858 2270 2080 2335 eadem
2124 2289 2282 2333 num
2329 2287 2549 2334 censes
2598 2268 2768 2352 apud

312 2395 419 2444 eos
463 2378 635 2462 ipsos
666 2378 877 2443 valere
909 2377 1031 2442 nisi
1064 2377 1408 2445 admodum
1439 2395 1694 2461 paucos,
1740 2395 1779 2442 a
1826 2376 2056 2460 quibus
2103 2376 2376 2454 inventa,
2425 2375 2768 2459 disputata,

314 2486 671 2568 conscripta
716 2488 916 2550 sunt?
1009 2484 1258 2564 Quotus
1316 2485 1485 2549 enim
1541 2485 1812 2568 quisque
1869 2483 2385 2568 philosophorum
2430 2483 2768 2560 invenitur,

456 2786 614 2855 Kal».
653 2787 712 2843 4.
801 2798 873 2840 ιο.
927 2785 1038 2840 Est
1083 2785 1287 2856 ἐρίων]
1335 2786 1539 2855 Beginn
1588 2786 1682 2839 der
1719 2784 2061 2853 Aussiihrung
2110 2785 2204 2838 wie
2252 2784 2354 2838 mit
2400 2786 2510 2858 μὲν
2548 2781 2662 2839 οὖν.
2705 2813 2768 2821 -—-

314 2874 747 2944 ambulantibus]
797 2875 965 2929 damit
1017 2876 1111 2928 auf
1155 2875 1255 2929 den
1299 2871 1721 2948 Ἀριστοτέλειος
1756 2891 1869 2929 mos
1906 2875 1997 2928 des
2034 2874 2250 2942 Dialogs
2300 2873 2662 2943 hingewiesen.
2704 2904 2769 2911 —

312 2963 490 3033 nobis]
517 2964 695 3032 Dativ‚
733 2965 900 3032 wenig
926 2964 1258 3018 verschieden
1286 2981 1384 3018 von
1412 2982 1450 3018 a
1477 2964 1663 3030 nabitu
1702 2964 1805 3031 vgl.
1835 2963 1878 3028 Ι,
1910 2963 1993 3017 79.
2038 2992 2100 3000 —
2142 2968 2194 3016 ct
2222 2980 2259 3016 a
2290 2964 2395 3016 talo·
2423 2961 2663 3031 quodam
2692 3003 2702 3015 .
2725 3003 2737 3016 .
2756 3002 2769 3014 .

316 3053 541 3122 ductus]
562 3053 719 3120 „und
737 3052 829 3106 der
847 3053 1057 3122 Anfang
1077 3070 1181 3107 war
1206 3056 1342 3106 etwa
1369 3052 1698 3121 folgender“.
1730 3081 1795 3090 -—-
1826 3053 1902 3119 A]
1937 3069 1978 3107 s.
2000 3051 2306 3120 Einleitung
2330 3051 2383 3105 S.
2407 3052 2491 3105 12.
2519 3081 2584 3089 —
2605 3068 2772 3120 quam

315 3143 417 3196 sim
454 3182 468 3196 .
489 3182 501 3196 .
525 3182 537 3195 .
576 3140 830 3209 adiutus]
887 3183 919 3208 „
935 3142 1027 3195 wie
1064 3141 1187 3195 sehr
1234 3141 1319 3194 ich
1367 3141 1636 3209 gesordert
1680 3141 1921 3207 wurde“,
1980 3157 2038 3194 so
2088 3139 2205 3193 dass
2254 3158 2375 3193 man
2424 3157 2525 3194 von
2576 3140 2769 3194 diesem

317 3231 506 3299 Dialog
541 3231 635 3284 wie
672 3247 771 3285 von
808 3230 909 3283 den
944 3230 1199 3283 Dichtern
1237 3231 1453 3283 riihmen
1492 3231 1713 3283 konnte:
1768 3229 1886 3296 „Et
1919 3229 2165 3299 prodesse
2203 3230 2385 3282 volunt
2421 3232 2478 3283 et
2513 3229 2771 3283 delectare

315 3320 562 3391 poetae“.
590 3350 659 3358 —
691 3317 984 3389 cogitanti]
1024 3319 1167 3386 „mir
1203 3319 1285 3372 bei
1312 3317 1429 3372 dem
1458 3317 1804 3382 Gedanken“‚
1842 3319 1991 3372 nicht
2020 3335 2084 3371 zu
2112 3319 2316 3373 animo.
2345 3348 2414 3358 —-
2444 3317 2605 3386 lucis]
2636 3318 2770 3385 „des

316 3409 692 3463 lichterfiillten
729 3408 952 3462 Daseins
966 3409 1017 3463 “.

468 3510 545 3552 ιι.
599 3497 847 3553 medetwr
883 3539 896 3552 .
928 3539 939 3551 .
972 3539 983 3550 .
1034 3496 1275 3566 timores]
1326 3496 1555 3550 Beachte
1606 3496 1707 3550 den
1758 3495 2035 3550 Chiasmus
2087 3497 2193 3550 und
2241 3496 2652 3550 Kasuswechsel.
2705 3527 2772 3536 —

319 3585 583 3655 detrahit]
624 3587 716 3640 wie
752 3586 997 3641 extrahit
1030 3586 1311 3641 radic-itus
1346 3587 1481 3655 §la
1522 3614 1588 3623 -
1627 3602 1752 3639 cum
1789 3591 1867 3641 cst
1893 3585 2150 3640 idoneam
2179 3586 2458 3654 complexa
2485 3586 2771 3654 naturam]

322 3716 352 3742 „
366 3692 514 3728 wenn
543 3676 618 3729 sie
636 3675 721 3729 ein
742 3676 875 3729 wohl
895 3675 1242 3746 disponiertes
1261 3674 1447 3728 Wesen
1471 3674 1732 3743 gesunden
1755 3675 1896 3728 hat“
1921 3675 2055 3742 (sich
2074 3676 2321 3729 versucht
2343 3675 2441 3728 hat
2467 3716 2480 3729 .
2504 3718 2515 3729 .
2540 3716 2552 3729 .
2578 3676 2683 3740 au).
2706 3704 2772 3714 —

320 3764 648 3833 quibusdam
696 3765 859 3834 quasi
907 3765 1239 3833 praeceptis]
1297 3806 1329 3832 ‚,
1346 3781 1629 3832 sozusagen
1684 3763 1852 3817 durch
1905 3765 2122 3832 gewisse
2168 3763 2552 3833 Anweisungen
2568 3807 2583 3831 ,
2635 3765 2774 3819 Leit-

320 3857 463 3906 siitze
477 3855 539 3920 “3
578 3853 660 3907 die
696 3852 973 3920 fortitudo
1009 3854 1085 3906 ist
1119 3853 1255 3907 nach
1290 3853 1383 3907 der
1407 3853 1798 3921 gewohnlichen
1826 3853 2184 3921 Anschauung
2208 3854 2359 3907 nicht
2384 3854 2612 3921 lehrbar,
2650 3854 2774 3907 aber

320 3941 419 3994 den
457 3942 698 3997 Stoikern
735 3943 810 3996 ist
846 3942 979 3996 auch
1017 3943 1092 3996 sie
1128 3943 1242 3996 eine
1278 3942 1514 3997 scicntia
1525 3983 1543 4010 ,
1592 3941 1700 3996 und
1750 3959 1885 3996 zwar
1933 3959 2120 3997 rerum
2155 3943 2623 4011 perferendarum
2658 3941 2773 4010 (IV,

319 4030 350 4099 5
387 4031 494 4097 53),
530 4031 641 4085 also
676 4030 842 4085 Sache
878 4031 970 4085 der
1005 4032 1170 4088 ratio.
1209 4060 1278 4070 --
1318 4031 1391 4086 Tc
1426 4037 1642 4085 natura
1679 4032 1947 4086 excelsum
1983 4031 2255 4100 quendam
2291 4073 2305 4086 .
2326 4072 2339 4086 .
2360 4073 2373 4086 .
2406 4031 2625 4102 ycnuit]
2664 4031 2772 4098 „In

321 4119 404 4173 dir
439 4120 536 4173 hat
571 4120 655 4173 die
690 4118 744 4174 N
744 4123 868 4174 atur
924 4121 1077 4174 einen
1125 4120 1386 4174 wahrhaft
1431 4121 1733 4174 aufrechten
1784 4120 2101 4189 (Gegensatz
2136 4137 2349 4190 pronus
2383 4121 2492 4173 und
2527 4120 2771 4185 humilis)

320 4249 334 4264 .
356 4249 369 4263 .
391 4248 408 4263 .
442 4208 605 4262 Manu
642 4210 1000 4278 geschaffen“.
1039 4240 1109 4249 —
1144 4209 1375 4277 insedit]
1428 4209 1571 4276 „hat
1606 4210 1789 4277 Plau,
1838 4208 2131 4263 Aufnahme
2180 4208 2438 4277 gesunden
2458 4250 2471 4276 ‚
2526 4207 2773 4262 Wurzeln

318 4297 694 4366 geschlagen“.
734 4327 795 4337 ——
845 4297 1061 4367 Quom
1089 4340 1102 4354 .
1124 4339 1140 4352 .
1158 4336 1171 4353 .
1194 4339 1206 4352 .
1236 4298 1486 4368 quisquc]
1517 4298 1653 4366 „der
1682 4298 1962 4353 wievielste
1983 4297 2240 4366 jedesmal
2254 4299 2317 4364 “;
2354 4297 2449 4350 wie
2477 4297 2606 4351 viele
2633 4296 2774 4351 muts

2789 500 2846 543 10

2795 1424 2850 1467 11
