3221 4850
370 2216 431 2259 10

444 325 519 388 28
1246 328 1664 383 Tusculanarum
1697 327 2112 396 disputationum

624 491 709 555 A.
780 491 1107 574 Utrisque.

624 595 726 661 M.
794 598 916 663 Est
960 598 1268 663 miserum
1311 597 1528 680 igitur,
1577 597 1880 679 quoniam
1923 598 2189 661 malum.

625 703 709 768 A.
780 704 990 771 Certe.

624 810 726 876 M.
794 811 963 894 Ergo
1010 814 1077 877 et
1119 812 1184 889 ii,
1232 812 1462 893 quibus
1510 811 1725 876 evenit
1766 811 1916 888 iam,
1960 813 2037 875 ut
2079 813 2498 889 morerentur,
2544 813 2612 876 et
2655 811 2719 889 ii,
2766 811 2915 894 qui-

445 917 568 981 bus
615 919 997 982 eventurum
1043 919 1160 996 est,
1205 917 1441 982 miseri.

469 1025 472 1028 ’
626 1024 708 1087 A.
775 1024 939 1089 Mihi
982 1025 1078 1089 ita
1122 1024 1394 1090 videtur.

625 1129 724 1194 Μ.
794 1130 998 1196 Nemo
1046 1150 1194 1214 ergo
1238 1151 1365 1197 non
1410 1132 1625 1196 miser.

628 1238 709 1301 A.
778 1237 1052 1303 Prorsus
1096 1257 1302 1303 nemo.

627 1343 726 1408 Μ.
795 1345 882 1409 Et
929 1345 1216 1427 quidem,
1263 1345 1319 1409 si
1364 1344 1481 1409 tibi
1526 1346 1817 1409 constare
1864 1345 1960 1408 vis
1978 1392 1993 1421 ‚
2039 1362 2288 1421 omnes,
2337 1344 2720 1427 quicumque
2765 1344 2911 1408 nati

451 1454 605 1516 sunt
650 1454 946 1529 eruntve,
991 1470 1121 1516 non
1168 1451 1373 1515 solum
1418 1450 1665 1528 miseri,
1712 1450 1824 1515 sed
1870 1451 2066 1515 etiam
2113 1469 2362 1535 semper
2406 1451 2641 1516 miseri.
2731 1450 2906 1515 Nam

452 1558 508 1622 si
538 1558 704 1622 solos
737 1577 846 1623 303
878 1558 1119 1623 diceres
1164 1558 1449 1636 miseros,
1497 1558 1730 1640 quibus
1776 1557 2180 1622 moriendum
2225 1559 2412 1636 esset,
2456 1559 2780 1623 neminem
2822 1559 2899 1621 tu

453 1664 712 1747 quidem
743 1684 981 1742 eorum,
1029 1664 1140 1746 qui
1169 1664 1473 1742 viverent,
1520 1665 1837 1748 exciperes
1885 1663 2310 1748 (moriendum
2357 1667 2458 1729 est
2503 1665 2675 1729 enim
2705 1663 2918 1728 omni-—
3014 1710 3020 1716 -

449 1770 617 1855 bus),
663 1772 835 1836 esset
877 1774 1097 1836 tamen
1141 1771 1434 1836 miseriae
1478 1770 1625 1835 finis
1670 1771 1739 1835 in
1782 1773 2005 1836 morte.
2096 1769 2411 1849 Quoniam
2460 1773 2679 1835 autem
2709 1771 2906 1836 etiam

450 1877 689 1942 mortui
732 1878 952 1943 miseri
997 1879 1167 1957 sunt,
1212 1878 1280 1942 in
1325 1878 1652 1943 miseriam
1696 1878 2022 1943 nascimur
2066 1877 2536 1961 sempiternam.
2625 1876 2908 1941 Necesse

452 1986 552 2050 est
614 1985 784 2049 enim
842 1985 1108 2050 miseros
1171 2004 1309 2050 esse
1365 2003 1501 2063 303,
1573 1984 1685 2067 qui
1743 1987 2005 2050 centum
2061 1985 2320 2049 milibus
2381 2003 2694 2049 annorum
2752 1985 2915 2047 ante

452 2091 837 2170 occiderunt,
881 2093 985 2157 vel
1028 2092 1241 2175 potius
1289 2111 1527 2170 omnes,
1575 2092 1962 2174 quicumque
2006 2092 2147 2155 nati
2193 2093 2364 2155 sunt.

629 2198 714 2262 A.
781 2199 887 2263 Ita
931 2217 1192 2282 prorsus
1240 2199 1549 2264 existimo.

630 2303 728 2368 Μ.
796 2305 947 2382 Dic,
1005 2324 1274 2387 quaeso:
1334 2324 1491 2370 num
1549 2307 1616 2370 te
1671 2305 1788 2369 illa
1830 2306 2107 2385 terrent,
2170 2305 2405 2388 triceps
2453 2304 2625 2389 apud
2671 2303 2916 2369 inferos

454 2411 785 2491 CerberuS,
833 2410 1056 2495 Cocyti
1101 2411 1414 2490 fremituS,
1458 2412 1768 2477 travectio
1815 2411 2213 2495 Acherontis,

628 2537 904 2602 Mento
953 2556 1338 2602 summam
1387 2556 1672 2619 aquam
1719 2537 2145 2620 attingens
2192 2537 2534 2603 enectus
2581 2536 2731 2600 siti

666 2749 721 2817 b)
757 2749 877 2802 fiir
911 2748 1018 2802 die
1055 2747 1494 2802 Sterbenden
1531 2749 1673 2818 (der
1708 2738 2132 2818 Ubergang)?

668 2839 718 2907 c)
758 2838 875 2891 fiir
910 2837 1023 2891 die
1059 2837 1472 2892 Lebenden‘?

755 2926 879 2982 Die
916 2927 1130 2996 Frage
1169 2930 1243 2982 al
1283 2927 1449 2982 wird
1486 2927 1651 2980 kurz
1690 2925 2024 2994 erledigt3
2062 2927 2155 2979 fiir
2190 2925 2224 2979 b
2260 2926 2370 2978 und
2405 2941 2436 2979 c
2470 2925 2602 2979 wind
2637 2925 2738 2977 mit
2771 2927 2803 2994 ἕ
2839 2927 2918 2981 18

846 3016 966 3070 eine
1003 3015 1193 3069 tiefere
1229 3016 1648 3083 Untersuchung
1685 3013 1998 3082 angebahnt.

452 3104 718 3158 miserum
888 3106 1122 3174 malwm]
1172 3105 1239 3159 In
1287 3105 1385 3159 der
1432 3102 2037 3172 Zwischenbemerlmng
2083 3102 2216 3156 wird
2262 3103 2476 3157 malum
2521 3102 2595 3171 (U
2596 3099 2706 3169 bel,
2757 3099 2923 3170 Leid)

453 3193 623 3246 durch
657 3193 927 3247 miserum
962 3193 1171 3262 (Elend,
1209 3192 1430 3247 elender
1465 3193 1716 3261 Zustand)
1754 3194 1967 3260 ersetzt,
2001 3191 2126 3246 weil
2161 3191 2249 3246 die
2286 3191 2649 3260 Fortfiihrung
2683 3191 2780 3245 des
2804 3189 2909 3246 Be-

452 3281 643 3336 weises
678 3299 800 3351 erqo
835 3300 992 3337 nemo
1028 3300 1141 3336 mm
1174 3284 1360 3336 malus
1395 3282 1517 3336 dem
1554 3281 2027 3351 Sprachgebrauch
2062 3280 2445 3336 widerstrebte.
2484 3312 2553 3320 —
2597 3284 2914 3333 eventurum

451 3371 548 3439 est]
586 3371 794 3424 starker
829 3371 908 3425 als
944 3371 1156 3425 eveniet.
1196 3402 1265 3411 —
1303 3388 1536 3440 prorsus
1570 3371 1748 3440 nemo]
1788 3371 1864 3440 „J
1866 3387 1897 3425 a
1931 3369 2133 3438 gewiI'S,
2171 3368 2482 3423 niemand“.
2530 3399 2597 3410 -—
2644 3366 2920 3435 constare]

455 3458 829 3529 „konsequent
877 3459 1149 3514 bleiben“.
1203 3491 1272 3499 —
1322 3460 1668 3514 moriendum
1714 3460 1866 3529 esset]
1914 3457 2458 3527 Modusangleichung
2512 3457 2607 3526 (or.
2658 3455 2784 3525 obl.)
2836 3484 2908 3494 --

452 3548 740 3619 quoniam]
779 3552 989 3618 ἐπειδὴ,
1028 3548 1333 3618 „nachdem
1346 3552 1395 3602 “.
1435 3580 1503 3589 -
1539 3548 1608 3602 in
1642 3548 1934 3602 miseriam
1967 3547 2277 3616 nascimur]
2316 3547 2476 3602 Sonst
2508 3545 2669 3599 meist
2702 3544 2791 3599 ad.

603 3651 681 3693 no.
719 3638 808 3692 Ita
834 3656 1068 3708 prorsus
1101 3638 1375 3707 mistione]
1414 3637 1576 3692 Diese
1613 3636 1946 3707 angemeine,
1993 3635 2391 3691 ausnahmslose
2428 3635 2782 3704 Behauptung
2815 3633 2909 3688 be-

452 3726 607 3778 niitzt
641 3726 712 3778 M
748 3728 917 3780 sosort
964 3728 1091 3795 (Dic
1126 3730 1341 3796 quaeso)
1358 3767 1372 3795 ,
1422 3742 1515 3780 um
1564 3727 1658 3780 das
1702 3726 1901 3779 miseri
1941 3730 2070 3780 sunt
2118 3724 2377 3779 zunachst
2425 3722 2765 3777 hinsichtlich
2813 3722 2926 3775 der·

452 3813 986 3869 Verstorbenen
1035 3833 1104 3869 zu
1155 3816 1491 3885 widerlegen.
1547 3846 1617 3855 —
1676 3814 1873 3884 triceps
1929 3814 2203 3884 Cerberus]
2259 3813 2379 3883 Vgl.
2429 3812 2906 3878 Baumeister,

453 3901 679 3956 Denkm.
719 3902 1124 3971 „Unterwelt“,
1160 3905 1294 3959 Abb.
1334 3905 1476 3961 2042
1513 3906 1560 3958 A
1596 3903 1706 3957 und
1742 3903 1805 3956 B.
1843 3934 1912 3943 —-
1959 3902 2169 3974 Cocyti]
2208 3907 2240 3957 ὁ
2275 3905 2559 3967 Κώκυτος,
2597 3899 2912 3955 Heulstrom

456 3992 584 4060 (von
619 3991 856 4059 κωκύω),
894 3990 994 4044 mit
1028 3991 1165 4061 styx
1180 4034 1193 4061 ,
1239 3992 1719 4062 Pyriphlegethon,
1768 3992 2017 4046 Acheron
2065 4008 2116 4045 u.
2168 4007 2213 4045 a.
2264 3991 2360 4045 das
2396 3989 2778 4058 Stromsystem
2813 3989 2924 4043 der·

454 4078 756 4134 Unterwelt
792 4079 1024 4133 bildend.
1065 4110 1134 4122 -
1171 4087 1346 4135 mento
1376 4123 1388 4135 .
1412 4122 1424 4135 .
1446 4083 1481 4152 .]
1520 4083 1659 4136 Vers
1694 4097 1801 4135 von
1836 4080 2208 4135 unbekannter
2232 4080 2518 4149 Herlmnft,
2554 4095 2713 4133 wenn
2749 4078 2909 4131 iiber-

452 4167 621 4236 haupt
669 4167 757 4221 die
793 4167 985 4223 Worte
1036 4167 1114 4223 als
1152 4169 1289 4224 Vers
1326 4170 1627 4240 (iambisch)
1679 4188 1746 4225 zu
1794 4169 1944 4224 lesen
1979 4169 2116 4224 sind.
2191 4172 2277 4224 An
2312 4170 2546 4224 anderen
2583 4166 2787 4222 Stellen
2823 4181 2909 4219 er-

455 4255 599 4310 zfflt
625 4256 830 4325 Cicero,
866 4257 964 4310 der
997 4256 1201 4312 fflteren
1228 4248 1650 4328 Uberlieserung
1685 4259 1921 4329 folgend,
1958 4276 2063 4314 von
2099 4259 2221 4313 dem
2258 4258 2569 4312 drohenden
2594 4255 2743 4310 Stein
2772 4254 2910 4308 iiber

455 4344 579 4397 dem
613 4345 828 4414 Haupte
876 4346 971 4400 des
1006 4346 1288 4415 Tantalus3
1337 4347 1443 4416 vgl.
1482 4348 1781 4417 Goethe,
1829 4348 2107 4418 Iphigenie
2152 4348 2247 4403 auf
2280 4346 2464 4401 'l'auris
2508 4345 2624 4416 (IV,
2662 4345 2717 4414 5)
2756 4342 2912 4413 „Das
