3221 4850
495 308 600 369 160
1285 308 1705 364 Tusculanarum
1739 309 2153 379 disputationum

493 472 722 554 inquit,
769 474 1077 555 ‚,potes,
1135 490 1273 537 nec
1316 473 1847 550 committam,
1909 475 1999 537 ut
2044 472 2274 537 dolor
2321 474 2694 556 corporis
2758 474 3007 539 effi-

495 579 689 657 ciat,
735 582 825 643 ut
869 578 1195 644 frustra
1240 581 1533 644 tantus
1579 580 1703 644 vir
1749 579 1848 644 ad
1894 597 2011 643 me
2057 580 2440 644 venerit.“
2530 580 2763 662 Itaque
2814 600 3003 645 nar-

493 687 680 752 rabat
726 705 874 752 eum
921 686 1200 768 graviter
1246 689 1312 750 et
1357 687 1604 769 copiose
1653 686 1730 752 de
1776 686 1897 751 hoc
1941 686 2095 769 ipso,
2141 686 2301 749 nihil
2347 704 2485 752 esse
2526 687 2787 765 bonum,
2835 689 2997 752 nisi

497 792 664 875 quod
711 796 882 857 esset
926 792 1296 867 honestum,
1360 794 1703 859 cubantem
1751 793 2176 876 disputavisse
2224 811 2499 875 cumque
2547 794 2733 875 quasi
2783 794 2989 860 faces

496 899 554 963 ei
613 900 844 964 doloris
904 900 1429 976 admoverentur,
1499 918 1687 983 saepe
1749 900 2013 964 dixisse:
2077 899 2344 976 „Nihil
2411 900 2619 982 agis,
2689 900 2987 965 dolor!

497 1005 885 1086 Quamvis
933 1008 1047 1071 sis
1106 1008 1536 1085 molestus,
1595 1025 2032 1089 numquam
2088 1008 2167 1071 te
2228 1025 2413 1071 esse
2474 1006 2987 1073 confitebor

498 1114 846 1178 malum.“

390 1213 479 1274 2⁶
677 1220 1076 1303 Omninoque
1123 1239 1340 1284 omnes
1389 1221 1544 1286 clari
1589 1223 1656 1285 et
1694 1220 2013 1286 nobilitati
2042 1220 2291 1286 labores
2323 1220 2760 1285 contendendo
2796 1221 2985 1285 fiunt

410 1299 476 1342 ⁶²
499 1327 692 1392 etiam
756 1328 1135 1392 tolerabiles.
1236 1327 1662 1404 Videmusne,
1729 1326 1898 1410 apud
1956 1346 2114 1408 quos
2173 1346 2395 1392 eorum
2449 1327 2787 1405 ludorum,
2855 1330 2985 1411 qui

500 1434 778 1516 gymnici
822 1434 1260 1511 nominantur,
1307 1452 1582 1516 magnus
1629 1434 1827 1498 honos
1876 1434 1992 1510 sit,
2036 1434 2291 1498 nullum
2338 1435 2418 1498 ab
2464 1433 2574 1510 iis,
2622 1435 2733 1515 qui
2777 1434 2855 1498 in
2901 1436 2981 1499 id

500 1544 825 1605 certamen
871 1541 1278 1618 descendant,
1324 1540 1593 1605 devitari
1624 1540 1953 1605 dolorem?
2002 1540 2170 1623 apud
2217 1559 2375 1622 quos
2423 1542 2643 1604 autem
2682 1543 2984 1605 venandi

501 1651 566 1712 et
613 1647 942 1730 equitandi
986 1648 1128 1712 laus
1175 1648 1377 1729 viget,
1439 1647 1550 1729 qui
1608 1647 1775 1712 hanc
1820 1649 2183 1730 petessunt,
2239 1648 2492 1711 nullum
2548 1646 2810 1730 fugiunt
2860 1649 2984 1713 do-

502 1755 718 1819 lorem.
788 1752 957 1833 Quid
1003 1754 1080 1818 de
1127 1755 1364 1819 nostris
1414 1754 1880 1831 ambitionibuS,
1929 1753 2081 1836 quid
2129 1753 2204 1817 de
2250 1754 2599 1837 cupiditate
2649 1756 2980 1828 honorum

502 1861 773 1942 loquar?
822 1879 984 1942 quae
1031 1860 1292 1925 flamma
1338 1863 1467 1937 est,
1513 1880 1627 1943 per
1674 1880 1867 1943 quam
1914 1881 2042 1925 non
2089 1861 2483 1925 cucurrerint
2527 1861 2599 1938 ii,
2649 1862 2761 1943 qui
2805 1863 2982 1928 haec

502 1967 656 2031 olim
701 1968 955 2050 punctis
1020 1968 1287 2050 singulis
1337 1968 1786 2050 conligebant?
1877 1967 2106 2049 Itaque
2168 1986 2419 2050 semper
2464 1966 2802 2032 Africanus
2860 1968 2981 2033 So-

503 2074 815 2138 craticum
836 2075 1320 2158 Xenophontem
1351 2075 1415 2139 in
1448 2075 1744 2139 manibus
1777 2074 2071 2152 habebat,
2102 2074 2283 2138 cuius
2314 2074 2381 2137 in
2412 2074 2634 2157 primis
2658 2074 2980 2139 laudabat

508 2324 797 2390 narrabat,
835 2322 1058 2376 sondern
1096 2340 1159 2375 zu
1196 2322 1584 2390 disputavisse.
1636 2352 1702 2361 —-
1752 2322 2000 2391 yravitcr
2036 2327 2088 2376 et
2124 2323 2357 2390 copiose]
2397 2322 2826 2389 ,‚eindrueksvoll
2866 2323 2979 2377 und

508 2410 983 2480 gedankenreich“.
1037 2440 1103 2450 —
1155 2410 1222 2465 de
1257 2411 1358 2466 hoc
1392 2410 1537 2480 ipso]
1577 2412 1808 2479 ,‚gerade
1844 2412 1973 2464 iiber
2008 2411 2109 2465 den
2143 2410 2387 2466 Punkt“.
2439 2442 2506 2451 —
2556 2411 2709 2478 faces
2744 2454 2757 2466 .
2781 2454 2794 2466 .
2821 2453 2832 2465 .
2878 2412 2978 2468 do·

507 2500 667 2570 loris]
706 2518 748 2555 s.
770 2518 833 2554 zu
860 2501 903 2565 I,
932 2501 1004 2555 44
1028 2500 1303 2569 (corporis
1337 2501 1609 2568 facibns);
1648 2502 1827 2554 freier:
1867 2543 1898 2567 „
1911 2501 2004 2554 der
2030 2500 2269 2554 Schmerz
2307 2501 2398 2554 ihn
2432 2501 2526 2554 wie
2556 2502 2656 2553 mit
2682 2500 2979 2555 Flammen·

510 2591 703 2658 gewalt
725 2591 963 2655 ergriff“.
1003 2620 1070 2628 —
1108 2589 1274 2644 Nihil
1308 2588 1450 2658 ayis]
1490 2589 1619 2656 „Du
1656 2590 1882 2643 richtest
1915 2590 2093 2643 nichts
2128 2592 2284 2644 aus“.
2342 2589 2465 2658 Sieg
2500 2590 2592 2642 des
2619 2590 2977 2660 Philosophen

512 2680 641 2732 iiber
676 2679 776 2732 den
815 2679 1085 2745 Schmerz;
1125 2679 1397 2732 wirksame
1433 2678 1781 2748 Apostrophe.

654 2819 808 2889 Καρ.
841 2820 945 2875 26.
1008 2831 1088 2874 62.
1130 2820 1273 2875 cloeri
1309 2820 1539 2887 labores]
1581 2819 1728 2874 Auch
1766 2820 1860 2873 der
1885 2819 2181 2888 Ehrgeiz
2220 2820 2397 2874 stfirkt
2424 2821 2523 2874 den
2542 2821 2753 2885 Willen,
2794 2822 2980 2876 macht

513 2910 627 2963 also
675 2911 758 2962 die
794 2909 1099 2978 Ertragung
1148 2909 1242 2963 der
1305 2909 1609 2962 Schmerzen
1660 2909 1897 2963 leichter.
1946 2938 2017 2947 —
2067 2909 2464 2977 contendendo]
2514 2934 2579 2952 =
2630 2910 2982 2967 contentione

511 2999 739 3066 (animi)
779 2999 993 3064 ‚,indem
1028 3015 1150 3052 man
1188 2999 1299 3051 sich
1336 2999 1504 3052 selbst
1538 3002 1834 3066 austrengt,
1874 2998 2039 3051 durch
2074 2998 2252 3051 innere
2279 2997 2700 3069 Anspannung“.
2740 3030 2811 3039 —
2847 3018 2980 3056 oon-

519 3088 703 3154 tinuo]
734 3087 957 3154 ‚,sofort,
983 3088 1118 3140 ohne
1148 3088 1424 3140 weiteres“
1457 3112 1521 3130 =
1552 3088 1712 3140 somit
1749 3087 1823 3140 sie
1850 3087 1949 3140 den
1978 3086 2199 3155 Ehrgeiz
2227 3104 2468 3155 antegen.
2510 3117 2576 3126 -
2622 3087 2974 3158 Videmnsne]

519 3176 649 3229 Zum
686 3174 969 3229 Gedanken
1008 3176 1111 3244 vgl.
1149 3177 1180 3245 ξ
1216 3175 1301 3229 41.
1344 3204 1407 3212 ·-·
1454 3175 1718 3246 gymnici]
1756 3180 2014 3249 γυμνικοὶ
2053 3177 2273 3245 ἀγῶνες.
2312 3206 2383 3215 -
2435 3176 2789 3243 descendant,
2828 3177 2979 3233 devi-

516 3265 655 3333 tari]
692 3265 1047 3319 Alliteration.
1102 3292 1165 3301 -
1219 3264 1386 3333 viget]
1437 3265 1804 3332 ‚,hochsteht“
1841 3264 2157 3333 (Gegensatz
2193 3265 2372 3334 iacet).
2424 3294 2491 3304 -
2533 3265 2843 3333 petessant]
2882 3268 2981 3320 wie

517 3355 809 3422 lacessunt,
845 3353 1131 3419 facessunt
1175 3355 1424 3422 gebildet.
1477 3384 1545 3393 —
1596 3354 1666 3408 de
1710 3354 1914 3408 nostris
1960 3354 2371 3421 ambitionibus]
2407 3344 2551 3407 Uber
2587 3354 2727 3407 diese
2775 3355 2982 3424 spricht

517 3443 745 3497 Horaz
782 3443 1139 3496 allenthalben
1175 3446 1242 3510 (z.
1279 3443 1341 3497 B.
1379 3460 1536 3498 carm.
1576 3443 1630 3510 Ι,
1671 3444 1740 3509 1).
1794 3472 1859 3481 -
1908 3444 2158 3511 flamma,
2188 3458 2295 3510 per
2331 3443 2518 3512 qnam]
2556 3443 2667 3498 Per
2699 3444 2980 3511 flammam

520 3532 646 3586 oder
680 3533 834 3601 iqnes
870 3548 1091 3587 currere
1127 3532 1222 3586 wie
1257 3549 1417 3586 unser
1454 3533 1692 3599 ,‚durchs
1729 3531 1894 3585 Feuer
1926 3532 2156 3601 gehen“,
2204 3532 2649 3602 sprichwdrtliche
2684 3532 2982 3587 Redensart

517 3622 671 3688 (Hor.
710 3625 811 3676 sat.
847 3622 921 3688 11,
948 3623 1001 3689 3,
1027 3622 1154 3677 54ff
1166 3623 1213 3688 );
1251 3622 1384 3675 auch
1424 3623 1542 3688 „ire
1577 3638 1672 3691 per
1705 3622 1854 3690 ignes
1890 3625 1947 3674 et
1979 3621 2184 3689 gladios
2221 3622 2386 3674 ausim
2399 3623 2449 3676 “.
2489 3649 2555 3658 -
2594 3620 2750 3690 haec]
2780 3621 2862 3674 fiir
2885 3623 2979 3677 ho-

518 3726 696 3765 nores.
728 3739 787 3747 -—
820 3712 1046 3779 punctis
1063 3711 1322 3780 sinyulis]
1343 3711 1449 3764 Der
1466 3716 1696 3778 rogator
1714 3710 1940 3764 notierto
1967 3710 2051 3763 bei
2064 3710 2287 3763 Wahlen
2311 3709 2429 3779 jede
2456 3711 2686 3763 einzelne
2713 3711 2980 3765 miindlich

520 3800 854 3867 abgegebene
880 3799 1099 3853 Stimme
1127 3800 1292 3852 durch
1329 3800 1478 3853 einen
1506 3799 1687 3852 Punkt
1721 3799 1899 3852 hinter
1933 3799 2051 3852 dem
2078 3798 2282 3852 Namen
2321 3799 2412 3852 des
2430 3798 2774 3853 Wahlenden.
2831 3798 2980 3867 Vgl.:

528 3887 737 3956 „Omne
774 3888 905 3942 tulit
937 3891 1209 3958 punctum,
1246 3889 1337 3959 qui
1372 3888 1588 3942 miscuit
1624 3888 1755 3942 utile
1792 3888 1993 3955 dulci“,
2030 3888 2159 3943 Hor.
2188 3906 2269 3958 ep.
2293 3887 2365 3955 H,
2401 3888 2454 3953 3,
2491 3888 2615 3942 343.
2665 3915 2719 3924 -—
2758 3888 2980 3957 Itaque]

521 3978 659 4031 dazu
696 3977 951 4031 zuniichst
978 3977 1128 4031 nicht
1154 3978 1401 4045 habebat,
1439 3978 1664 4031 sondern
1691 3977 1966 4031 laudabat
1992 3977 2084 4031 des
2109 3976 2508 4031 Relativsatzes.
2539 4005 2606 4015 --
2644 3974 2981 4046 Africanus]

528 4067 620 4119 der
644 4065 679 4119 J
681 4072 889 4134 tingere.
930 4096 992 4104 -—
1032 4064 1374 4121 Socraticum
1409 4066 1850 4136 Xenophontem]
1887 4065 2002 4119 Uns
2038 4066 2157 4119 sind
2184 4065 2374 4119 andere
2400 4065 2598 4133 Triiger
2635 4064 2726 4118 des
2753 4064 2982 4121 Namens

528 4155 817 4225 Xenophon
851 4156 969 4222 (aus
1004 4154 1234 4208 Korinth
1271 4172 1321 4209 u.
1351 4156 1423 4221 a.)
1458 4155 1538 4208 als
1575 4156 1668 4208 der
1704 4154 1844 4208 Sohn
1882 4155 1974 4208 des
2007 4154 2219 4224 Grylios
2254 4172 2351 4208 aus
2385 4153 2563 4208 Athen
2602 4171 2660 4208 so
2697 4154 2864 4222 wenig
2894 4172 2984 4223 ge-

533 4242 693 4312 liiufig
707 4286 721 4310 ,
771 4243 887 4298 dass
936 4261 1036 4298 uns
1085 4244 1178 4297 der
1214 4242 1507 4313 Gegensatz
1544 4242 1889 4299 Socraticum
1927 4243 2166 4311 (Schiiler
2215 4243 2306 4297 des
2344 4242 2616 4308 Sokratos)
2654 4243 2876 4298 auffallt.
2911 4271 2982 4282 —-

522 4333 595 4386 -in
629 4333 885 4388 manibus
923 4333 1174 4401 habebat]
1204 4333 1297 4387 wie
1333 4335 1399 4387 in
1431 4350 1632 4389 mamus
1667 4349 1876 4388 sumere
1913 4350 2012 4387 von
2047 4333 2148 4387 den
2184 4332 2446 4387 Schriften
2479 4339 2685 4401 gesagt.
2728 4360 2791 4370 —-
2837 4333 2983 4400 quod
