3221 4850
1300 324 1415 378 Lib.
1453 324 1497 391 Ι,
1536 341 1581 378 c.
1620 327 1848 381 38—39.
2738 329 2809 389 91

526 483 860 549 Pellantur
905 504 1054 568 ergo
1100 486 1262 551 istae
1309 486 1583 569 ineptiae
1631 506 1831 570 paene
1873 489 2098 574 aniles,
2144 491 2293 555 ante
2342 492 2599 575 tempus
2645 493 2808 557 mori
2828 478 2917 541 39

352 590 658 655 miserum
706 610 862 656 esse.
955 590 1137 670 Quod
1183 592 1446 658 tandem
1491 597 1794 677 tempus?
1842 571 2242 661 naffifaeue?
2309 599 2397 662 At
2443 617 2518 663 ea
2551 599 2807 681 quidem

353 697 527 761 dedit
555 716 823 763 usuram
856 698 1024 763 vitae
1057 702 1391 782 tamquam
1436 700 1742 783 pecuniae
1788 702 1970 765 nulla
2014 703 2402 784 praestituta
2449 704 2569 769 die.
2640 704 2809 784 Quid

356 805 454 867 est
498 803 712 885 igitur,
761 805 926 886 quod
977 823 1262 887 querare,
1309 806 1364 870 si
1408 807 1659 890 repetit,
1705 827 1852 872 cum
1882 809 2069 873 vult?
2118 827 2194 874 ea
2240 811 2411 875 enim
2444 812 2807 878 condicione

355 928 707 995 acceperas.
796 911 1028 991 Iidem,
1074 913 1128 977 si
1173 932 1332 996 puer
1376 932 1613 996 parvus
1660 914 1917 992 occidit,
1965 934 2168 998 aequo
2216 918 2427 982 animo
2473 918 2808 985 ferendum

351 1019 619 1100 putant,
679 1018 735 1082 si
794 1037 941 1083 vero
995 1019 1062 1082 in
1110 1020 1320 1097 cunis,
1379 1039 1458 1085 ne
1507 1021 1904 1103 querendum
1952 1022 2228 1105 quidem.
2318 1025 2517 1107 Atqui
2564 1027 2645 1090 ab
2689 1027 2809 1092 hoc

353 1124 641 1190 acerbius
688 1125 897 1207 exegit
939 1128 1203 1204 natura,
1251 1127 1421 1209 quod
1468 1127 1748 1212 dederat.
1839 1129 2185 1207 „Nondum
2231 1132 2606 1213 gustaverat
2617 1138 2668 1209 “,
2713 1133 2808 1197 in-

356 1230 526 1312 quit,
585 1231 754 1296 vitae
813 1234 1232 1309 suavitatem3
1293 1234 1397 1299 hic
1455 1238 1674 1300 autem
1719 1236 1850 1300 iam
1898 1238 2197 1320 sperabat
2252 1257 2518 1321 magna,
2578 1240 2811 1322 quibus

352 1336 480 1401 frui
547 1340 855 1422 coeperat.
955 1342 1044 1405 At
1108 1341 1175 1405 id
1236 1341 1494 1424 quidem
1552 1343 1620 1406 in
1680 1343 1907 1408 ceteris
1966 1344 2156 1409 rebus
2223 1346 2454 1410 melius
2523 1348 2808 1429 putatur,

359 1444 642 1526 aliquam
708 1447 957 1528 partem
1029 1466 1222 1529 quam
1295 1449 1541 1513 nullam
1613 1450 1958 1532 attingere;
2043 1470 2155 1517 cur
2235 1452 2302 1516 in
2371 1453 2505 1517 vita
2576 1472 2760 1518 secus
2775 1457 2808 1518 P

362 1549 769 1634 Quamquam
825 1571 953 1617 non
1011 1555 1178 1619 male
1226 1555 1318 1619 ait
1362 1555 1793 1621 Callimachus
1853 1558 2057 1622 multo
2120 1559 2376 1641 saepius
2436 1560 2809 1626 lacrimasse

359 1657 689 1723 Priamum
738 1678 930 1741 quam
976 1662 1275 1726 Troilum.
1364 1663 1605 1727 Eorum
1652 1664 1868 1728 autem
1883 1712 1897 1741 ,
1960 1664 2070 1746 qui
2132 1666 2354 1731 exacta
2413 1668 2627 1731 aetate
2674 1686 2812 1731 mo-

357 1764 629 1844 riuntur,
675 1766 933 1832 fortuna
976 1767 1293 1833 laudatur.
1385 1768 1560 1835 Cur?
1605 1788 1776 1847 nam,
1822 1788 1980 1848 reor,
2024 1771 2238 1850 nulliS,
2287 1772 2342 1836 si
2387 1772 2522 1837 vita
2565 1773 2810 1855 longior

353 1872 648 1951 daretur,
706 1877 923 1957 posset
982 1894 1119 1941 esse
1178 1876 1532 1941 iucundior.
1624 1877 1803 1941 Nihil
1865 1877 2034 1942 enim
2082 1880 2182 1942 est
2240 1878 2522 1962 profecto
2568 1880 2810 1944 homini

349 1979 688 2061 prudentia
734 1981 998 2060 dulcius,
1047 2001 1259 2065 quam,
1316 1986 1392 2047 ut
1437 1985 1649 2048 cetera
1694 1982 1961 2061 auferat,
2022 1984 2230 2049 adfert
2274 1987 2446 2050 certe
2495 1988 2810 2051 senectus.

353 2084 531 2164 Quae
593 2107 740 2152 vero
806 2092 983 2153 aetas
1042 2090 1232 2171 longa
1292 2092 1420 2169 est,
1491 2093 1604 2155 aut
1664 2091 1817 2173 quid
1878 2091 2131 2155 omnino
2191 2092 2434 2156 homini
2499 2093 2811 2175 longum?

349 2212 557 2259 nonne

568 2302 801 2367 Modo
832 2323 1159 2387 pueros,
1204 2305 1431 2369 modo
1479 2304 2066 2369 adulescentes
2114 2305 2200 2369 in
2233 2325 2478 2370 cursu
2523 2307 2811 2387 atergo

1844 2411 2297 2494 insequens

570 2520 731 2585 Nec
777 2520 1210 2603 opinantes
1259 2519 1660 2584 adsecuta
1707 2520 1834 2584 est

348 2750 432 2803 Da
476 2749 572 2802 der
606 2749 714 2802 Tod
750 2748 875 2802 kein
911 2738 1050 2802 sJbel
1097 2747 1190 2815 ist,
1237 2748 1309 2802 ist
1353 2747 1620 2802 natiirlich
1658 2747 1796 2802 auch
1832 2748 1949 2802 sein
1986 2755 2332 2817 frfihzoifige·
2366 2754 2644 2802 Eintreten
2688 2746 2815 2800 kein

1497 2826 1655 2890 Ubel.

490 2926 644 2995 Καρ.
683 2927 781 2984 39.
863 2941 943 2982 es.
981 2927 1289 2996 Pellantur]
1330 2927 1505 2994 „Fort
1538 2926 1638 2979 mit
1667 2966 1678 2978 .
1704 2928 1832 2980 ..!“
1872 2958 1940 2967 —
1976 2929 2295 2997 naturaerae]
2336 2926 2468 2995 „die
2495 2927 2592 2980 der
2617 2925 2808 2993 Nam,

348 3016 434 3070 die
461 3032 567 3070 von
594 3017 691 3069 der
717 3016 893 3071 Natur
918 3017 1362 3085 festgesetzten“.
1394 3047 1462 3055 —
1491 3014 1566 3069 At
1590 3033 1656 3069 ea
1683 3015 1922 3085 quidem]
1953 3056 1984 3085 „
2001 3016 2145 3069 Aber
2171 3016 2256 3070 die
2284 3019 2444 3087 (αὕτη
2471 3016 2555 3087 γε)
2578 3056 2590 3068 .
2613 3056 2624 3067 .
2649 3017 2715 3068 .“.
2739 3045 2809 3055 —

345 3106 507 3159 nulla
534 3106 867 3174 praestituta
901 3106 1009 3174 die]
1050 3105 1236 3173 „ohne
1272 3104 1810 3159 vorausbestimmten
1846 3104 2455 3174 Kiindigungstermin“.
2496 3136 2564 3145 -—
2614 3103 2808 3173 Iidem]

351 3193 482 3262 „die
518 3193 763 3263 gleichen
798 3195 968 3249 Leute
984 3197 1034 3261 ⁴⁶,
1072 3193 1158 3247 die
1161 3224 1185 3262 3
1197 3194 1332 3249 iiber
1367 3193 1730 3262 friihzeitigen
1756 3194 1866 3247 Tod
1901 3194 2289 3248 Erwachsener
2324 3194 2531 3262 klagen.
2571 3224 2640 3233 —
2674 3210 2808 3262 par-

349 3285 468 3353 vus]
525 3283 818 3352 pradikativ
871 3282 973 3337 wie
1028 3282 1265 3336 hernach
1320 3282 1387 3336 in
1430 3282 1593 3336 cunis
1648 3284 1843 3351 (cunae
1889 3283 2115 3352 „Wiege
2131 3284 2201 3350 “).
2259 3314 2327 3322 ——
2381 3281 2584 3351 Atqui]
2636 3322 2668 3349 ‚,
2683 3281 2811 3335 Und

347 3373 487 3427 doch
503 3377 552 3427 “.
609 3404 677 3412 ——
733 3372 982 3426 acerbius
1028 3372 1218 3442 eoeeyit]
1271 3413 1302 3440 ‚,
1317 3372 1411 3426 hat
1455 3371 1900 3426 riicksichtsloser
1946 3372 2305 3441 eingetrieben
2321 3374 2371 3441 “‚
2427 3371 2534 3440 vgl.
2581 3375 2810 3436 macter,

349 3468 798 3536 εἰσπράττεσθαι.
853 3492 923 3502 --
976 3461 1045 3515 ab
1080 3462 1179 3515 hoc
1216 3502 1228 3514 .
1252 3502 1263 3513 .
1287 3502 1299 3514 .
1337 3461 1448 3530 hic]
1501 3477 1623 3514 vom
1662 3460 2018 3530 Wiegenkind
2034 3501 2047 3528 ‚
2104 3461 2244 3514 darm
2295 3477 2420 3514 vom
2456 3459 2698 3514 Knaben.
2743 3489 2811 3497 —

345 3550 554 3621 inquit]
583 3590 615 3618 „
629 3552 746 3619 sagt
772 3567 897 3604 man
909 3553 959 3604 ⁴⁶.
990 3581 1059 3591 —
1093 3550 1461 3620 Quamquam]
1490 3549 1753 3617 „freilich
1767 3552 1816 3618 “,
1847 3549 2234 3618 Zugestandnis
2260 3565 2429 3618 gegen
2458 3549 2561 3602 den
2590 3562 2809 3601 voraus-

354 3641 634 3711 gehenden
670 3639 809 3694 Satz.
866 3670 935 3679 —
996 3639 1224 3709 stenelus]
1263 3639 1410 3694 Sohn
1457 3640 1553 3693 des
1590 3639 1861 3706 Priamus„
1919 3638 1975 3691 in
2021 3639 2160 3692 noch
2211 3637 2365 3692 recht
2410 3635 2814 3705 jugendlichem

354 3730 508 3786 Alter
545 3746 649 3783 von
685 3727 861 3783 Achill
897 3730 1111 3798 getiitet.
1168 3760 1236 3768 ——
1291 3733 1479 3783 eoeaeta
1513 3729 1702 3798 aetate]
1757 3727 1859 3796 „in
1896 3727 2274 3796 ausgereiitem
2312 3725 2467 3780 Alter
2478 3728 2527 3792 “‚
2577 3724 2816 3778 hernach

351 3823 604 3874 senectus.

493 3921 575 3963 94.
612 3922 771 3975 nam,
822 3910 964 3977 reor]
1014 3906 1207 3976 „weil,
1263 3907 1436 3962 denke
1481 3906 1570 3961 ich
1607 3946 1620 3959 .
1644 3908 1746 3960 ..“.
1804 3937 1872 3945 ——
1928 3922 2097 3974 quam
2132 3910 2193 3958 ut
2228 3906 2421 3974 cetera]
2464 3904 2617 3972 „und
2653 3902 2816 3957 diesen

353 3997 604 4052 wahrend
640 3997 737 4050 das
771 3997 958 4066 iibrige
973 4000 1022 4051 “.
1079 4028 1146 4037 -
1202 3996 1422 4063 auferat
1460 4037 1472 4049 .
1504 4037 1516 4049 .
1548 4037 1559 4049 .
1598 3995 1795 4064 adfert]
1834 3993 2272 4061 Adnomination,
2310 3991 2705 4047 Paronomasie.
2745 4021 2814 4030 -

353 4087 538 4156 lonqa]
577 4085 830 4141 relativ
845 4103 913 4140 er
947 4085 1182 4155 Begriff3
1221 4085 1326 4155 vgl.
1356 4086 1551 4140 dessen
1578 4083 2014 4153 Umschreibung
2042 4083 2276 4152 proinde
2302 4088 2364 4137 ut
2388 4080 2584 4150 cuique
2611 4082 2710 4134 etc.
2740 4109 2810 4119 —-

355 4175 514 4230 Modo
541 4177 762 4246 pueros]
808 4177 874 4230 In
923 4177 1029 4230 den
1073 4175 1226 4230 nicht
1267 4176 1438 4229 naher
1487 4193 1553 4229 zu
1605 4174 2031 4229 bestimmenden
2076 4170 2446 4227 trochaischen
2482 4169 2813 4238 Septenaren

352 4265 486 4319 wird
513 4281 715 4334 pueros
752 4263 1040 4334 zweisilbig
1065 4264 1298 4334 gelesen.
1365 4263 1508 4332 „Die
1535 4263 1672 4318 eben
1695 4263 1836 4317 noch
1862 4262 2107 4330 Knaben,
2144 4261 2285 4315 noch
2312 4257 2600 4327 Jiinglinge
2628 4257 2813 4327 (junge

350 4354 594 4424 Manner)
631 4371 829 4422 waren,
867 4354 1042 4409 haben
1077 4354 1135 4407 in
1172 4354 1344 4408 ihrem
1382 4354 1520 4408 Laus
1558 4394 1570 4406 .
1593 4394 1605 4407 .
1631 4355 1706 4421 .“;
1742 4353 1816 4421 Π,
1835 4353 1908 4408 34
1944 4351 2237 4420 Gegensatz
2267 4347 2437 4418 pueri
2595 4346 2724 4400 viri.
2747 4378 2815 4386 -

2831 565 2895 607 93

2884 1183 2965 1540 *vm—...e--foJ

2832 1791 2892 1832 94
