3221 4850
1392 312 1588 395 111211,
1628 343 1673 380 ο.
1712 328 1763 382 1.
2735 325 2802 385 21

351 508 604 572 semper
640 488 948 553 iudicium
978 487 1102 554 fuit
1132 489 1344 554 omnia
1372 491 1623 554 nostros
1672 491 1789 553 aut
1833 490 2149 555 invenisse
2197 508 2308 572 per
2353 508 2420 554 se
2454 488 2804 572 sapientius

354 615 548 677 quam
595 595 870 661 Graecos
927 597 1041 659 aut
1087 597 1346 679 accepta
1407 597 1486 661 ab
1531 597 1659 659 illis
1705 596 1931 661 fecisse
1979 597 2272 674 meliora,
2333 615 2495 678 quae
2545 596 2801 678 quidem

351 702 543 784 digna
590 701 988 779 statuissent,
1033 702 1101 766 in
1135 702 1364 783 quibus
1411 703 1829 767 elaborarent.
1920 702 2089 767 Nam
2134 722 2344 768 mores
2393 706 2459 767 et
2504 703 2804 768 instituta
2828 722 2858 764 2

349 809 516 874 vitae
549 800 778 890 resque
811 809 1192 873 domesticas
1225 827 1299 873 ac
1330 809 1676 874 familiares
1715 827 1832 873 nos
1862 809 2143 892 profecto
2190 811 2256 874 et
2286 810 2514 874 melius
2546 811 2805 874 tuemur

351 918 417 980 et
446 916 707 992 lautiUS,
752 934 891 979 rem
922 933 1069 978 vero
1099 916 1422 998 publicam
1457 916 1664 980 nostri
1709 916 1980 980 maiores
2028 919 2198 980 certe
2243 917 2610 980 melioribus
2642 919 2805 980 tem—

349 1024 734 1105 peraverunt
764 1024 831 1085 et
858 1022 1172 1086 institutis
1211 1024 1277 1087 et
1314 1023 1581 1104 legibus.
1659 1020 1826 1101 Quid
1873 1022 2099 1104 loquar
2144 1022 2221 1086 de
2268 1041 2336 1087 re
2383 1023 2691 1086 militari?
2738 1023 2804 1086 in

350 1147 478 1210 qua
533 1148 679 1193 cum
734 1129 973 1193 virtute
1032 1129 1236 1193 nostri
1279 1129 1560 1193 multum
1605 1130 1949 1193 valuerunt
1994 1132 2136 1193 tum
2181 1130 2327 1212 plus
2375 1130 2572 1194 etiam
2619 1129 2802 1194 disci-

348 1236 539 1318 plina.
613 1234 756 1300 Iam
785 1236 916 1314 illa,
965 1254 1127 1318 quae
1157 1238 1409 1314 natura,
1454 1255 1583 1300 non
1614 1236 1851 1300 litteris
1885 1236 2173 1301 adsecuti
2203 1238 2371 1313 sunt,
2417 1254 2624 1317 neque
2656 1255 2803 1300 cum

347 1412 488 1481 „wir
506 1413 765 1480 Romer“,
793 1410 1081 1465 stehender
1098 1412 1375 1465 Ausdruck
1404 1412 1504 1465 wie
1532 1411 1618 1465 bei
1638 1411 1801 1467 Casar
1826 1412 1921 1464 fiir
1938 1426 2177 1479 „unsere
2196 1411 2362 1465 Leute
2375 1414 2423 1463 “.
2443 1442 2516 1450 -
2532 1410 2806 1466 invenisse

348 1542 359 1554 .
384 1543 394 1554 .
420 1542 430 1554 .
468 1501 660 1568 fecisse
693 1500 942 1570 meliora]
980 1500 1082 1554 Die
1120 1501 1319 1554 Kunst-
1348 1501 1457 1554 und
1484 1499 2056 1568 Literaturgeschichte
2093 1517 2192 1553 zur
2218 1499 2335 1554 Zeit
2371 1499 2584 1557 Ciceros
2620 1502 2803 1554 unter-

346 1590 589 1644 scheidet
632 1590 688 1642 in
724 1591 820 1643 der
854 1589 1259 1659 Entwickelung
1301 1607 1494 1659 gerne:
1545 1594 1762 1664 εὑρετής
1796 1621 1864 1630 --
1901 1593 2145 1665 μιμητής
2181 1619 2249 1629 -
2287 1595 2562 1658 τελειωτής
2597 1590 2802 1658 (‚‚V011-

349 1680 596 1748 ender“).
627 1711 696 1719 —
733 1697 870 1748 quae
896 1678 1134 1749 quidem]
1174 1680 1359 1733 Durch
1385 1679 1490 1733 den
1519 1679 1708 1733 Zusatz
1736 1678 1958 1733 salviert
1982 1679 2080 1733 der
2105 1679 2392 1733 Verfasser
2417 1679 2535 1732 sein
2562 1679 2803 1733 besseres

346 1769 565 1825 Wissen
601 1768 659 1821 in
694 1768 816 1822 dem
851 1768 1064 1837 grossen
1100 1767 1465 1836 Kompliment
1499 1784 1598 1822 vor
1633 1769 1755 1821 dem
1794 1768 2097 1822 romischen
2131 1767 2431 1821 Publikum.
2471 1799 2539 1808 —
2575 1768 2800 1822 statuis-

345 1859 482 1927 sent]
534 1857 654 1911 eine
693 1858 793 1911 Art
829 1856 915 1912 Or.
955 1856 1057 1910 obl.
1097 1856 1256 1926 (nach
1290 1856 1437 1910 ihrer
1473 1856 1854 1926 Vorstellung).
1894 1888 1962 1896 -—
2011 1856 2362 1926 elaborarent]
2401 1857 2585 1911 deutet
2620 1857 2803 1911 besser

346 1946 426 2001 als
472 1947 718 2000 laborare
765 1947 860 1999 das
909 1945 1271 2000 zielbewusste
1317 1945 1542 1999 Streben
1594 1947 1688 1999 auf
1731 1946 1854 1999 dem
1897 1945 2177 2014 wiirdigen
2220 1946 2547 2000 Arbeissfeld
2598 1963 2682 2000 an.
2731 1978 2799 1986 —-

346 2034 456 2088 Das
492 2035 629 2087 nach
656 2035 966 2088 deuoechem
993 2033 1380 2103 Sprachgefiihl
1415 2035 1686 2102 ungefiige
1722 2034 2083 2103 Satzganze
2119 2051 2224 2088 von
2252 2037 2321 2090 10
2344 2035 2524 2089 Zeilen
2559 2036 2631 2089 ist
2662 2035 2800 2089 nach

346 2123 528 2177 Inhalt
562 2124 671 2176 und
707 2122 865 2176 Form
913 2121 1033 2177 eine
1078 2122 1175 2177 der
1209 2121 1598 2176 kunstvollsten
1637 2122 1903 2176 Perioden
1940 2121 2153 2179 Ciceros
2202 2123 2332 2176 oder
2377 2123 2632 2192 richtiger
2679 2123 2800 2178 eine

234 2210 237 2211 ⁷
344 2211 792 2281 Doppelperiode,
830 2214 865 2266 2
902 2210 1082 2278 orbes,
1119 2211 1205 2265 die
1240 2211 1341 2264 wir
1373 2227 1478 2264 uns
1514 2210 1654 2265 auch
1690 2211 1769 2265 als
1805 2211 2109 2266 Kreisliiufe
2145 2213 2274 2265 oder
2307 2211 2545 2279 Ellipsen
2579 2212 2676 2266 der
2709 2228 2800 2281 ge-

346 2301 551 2355 schickt
585 2301 841 2369 gefiigten
879 2300 1014 2354 Kola
1047 2301 1158 2353 und
1195 2299 1477 2354 Kommata
1511 2299 1872 2355 vorzustellen
1919 2301 2120 2355 haben:
2185 2301 2299 2355 Der
2348 2303 2490 2356 erste
2526 2300 2801 2356 Kreislaui

344 2390 437 2444 hat
471 2390 528 2443 in
564 2390 667 2444 den
706 2390 932 2444 Worten
967 2389 1155 2444 rettuli
1189 2389 1270 2444 bis
1305 2389 1552 2445 revocavi
1585 2389 1735 2445 seine
1774 2393 1938 2445 etwas
1975 2389 2189 2460 langere
2227 2390 2413 2445 zweite
2450 2389 2636 2445 Halfte
2651 2432 2666 2459 ‚
2704 2390 2801 2445 der

345 2481 532 2534 zweite
570 2479 843 2535 Kreislauf
876 2484 924 2533 et
959 2496 1087 2533 eum
1244 2480 1401 2534 kehrt
1435 2479 1534 2533 mit
1566 2480 1667 2534 hoe
1821 2480 2020 2550 putavi
2061 2497 2169 2533 um.
2242 2480 2427 2534 Durch
2463 2480 2799 2547 Antithesen‚

343 2568 686 2637 Wortspiele,
722 2568 1034 2637 Rhythmen
1069 2569 1200 2622 wird
1235 2569 1322 2624 die
1357 2569 1536 2622 Kunst
1569 2570 1667 2624 der
1701 2569 2066 2638 Komposition
2102 2569 2243 2623 noch
2280 2568 2486 2623 erhoht.

491 2670 536 2711 2.
575 2657 747 2727 Nam]
784 2657 1053 2726 Erganze:
1094 2659 1248 2726 „Von
1286 2658 1435 2711 einer
1469 2658 1867 2727 Vergleichung
1901 2660 1997 2712 der
2032 2657 2206 2713 Sitten
2241 2674 2372 2712 usw.
2411 2658 2539 2712 sehe
2575 2657 2666 2711 ich
2701 2657 2796 2725 ab·;

344 2745 487 2798 denn
535 2745 789 2798 wahrlich
840 2746 1110 2815 (profecto)
1151 2787 1163 2799 .
1194 2788 1204 2800 .
1235 2751 1322 2815 .“;
1370 2747 1476 2815 vgl.
1526 2748 1602 2800 im
1651 2746 1937 2817 folgenden
1983 2748 2070 2802 die
2116 2748 2278 2816 Figur
2323 2748 2421 2801 der
2455 2746 2797 2801 Praeteritio:

352 2833 501 2898 Quid
546 2834 780 2903 loquar?
829 2866 896 2875 —
946 2853 1121 2889 mores
1168 2841 1218 2889 et
1264 2836 1524 2890 instituta
1571 2837 1733 2906 vitae]
1786 2853 1950 2906 enger
1998 2836 2310 2890 verbunden
2359 2836 2667 2905 gegenfiber
2712 2853 2798 2889 res

341 2922 661 2976 domesticas
697 2940 763 2977 ae
797 2923 1126 2990 familiares.
1165 2955 1232 2964 --
1279 2929 1327 2978 et
1361 2924 1559 2978 melius
1596 2930 1812 2979 tuemur
1845 2930 1894 2979 et
1928 2925 2156 2995 lautius]
2204 2926 2349 2979 tueri
2382 2926 2457 2978 im
2493 2926 2657 2980 Sinne
2691 2941 2797 2979 von

340 3029 578 3079 servare,
630 3012 891 3081 „wahren
905 3015 964 3079 “;
1014 3013 1222 3067 lautius
1270 3014 1519 3082 ‚,reiner,
1567 3014 1667 3067 mit
1702 3014 1856 3069 mehr
1888 3014 2263 3084 Taktgeffihw.
2337 3015 2573 3069 Beachte
2609 3016 2667 3067 in
2702 3015 2800 3068 der

341 3100 586 3169 Stellung
613 3101 699 3155 die
727 3102 809 3155 oft
834 3101 1156 3171 gebrauchte
1184 3103 1347 3173 Figur
1372 3102 1468 3156 der
1488 3103 1802 3160 coniunctio
1831 3104 1931 3157 wie
1957 3104 2014 3156 in
2042 3119 2292 3158 unserem
2323 3103 2494 3171 „Fest
2520 3103 2663 3156 steht
2687 3104 2796 3157 und

342 3192 525 3244 treu“.
547 3222 615 3230 —-
634 3207 751 3244 rem
778 3208 898 3244 vero
927 3191 1297 3260 („vollends“)
1318 3192 1623 3262 publicam]
1651 3192 1837 3248 Cicero
1864 3193 2033 3263 preist
2059 3193 2251 3246 immer
2279 3191 2475 3246 wieder
2501 3192 2588 3246 die
2616 3192 2796 3248 Weis-

340 3279 454 3332 heit
488 3280 587 3333 der
616 3279 932 3347 Vorfahren,
970 3280 1055 3333 die
1092 3280 1260 3334 durch
1295 3280 1572 3336 treffliche
1601 3282 2022 3350 Einrichtungen
2058 3282 2169 3335 und
2197 3282 2421 3336 Gesetze
2458 3282 2514 3334 in
2550 3282 2674 3336 dem
2711 3285 2798 3337 ro-

339 3368 581 3421 mischen
608 3367 758 3423 Staat
785 3369 872 3422 ein
898 3368 1050 3423 Ideal
1075 3369 1388 3438 geschaffen
1416 3370 1590 3425 haben
1612 3370 1848 3439 (ahnlich
1868 3371 2082 3438 Sallust,
2111 3370 2223 3428 Cat.
2245 3387 2291 3424 c.
2313 3375 2346 3425 6
2360 3372 2473 3439 fl.);
2504 3376 2800 3440 temperare

341 3457 672 3526 „massigem
711 3458 799 3511 die
834 3459 1018 3512 rechte
1054 3458 1341 3528 Misohung
1376 3459 1543 3528 geben
1559 3500 1573 3528 ,
1612 3476 1782 3529 gegen
1819 3462 2193 3529 Ausartungen
2230 3460 2551 3527 schiitzen“,
2600 3459 2792 3513 freier:

341 3546 629 3614 „festigen⁷
667 3546 1038 3614 begriinden“.
1078 3578 1146 3587 —
1188 3548 1319 3616 plus
1354 3548 1524 3602 etiam
1557 3548 1880 3618 disciplina]
1916 3549 2086 3603 etiam
2123 3551 2176 3618 („
2187 3548 2324 3602 noch
2337 3551 2389 3617 “)
2427 3549 2595 3602 ofters
2631 3547 2795 3601 naeh-

338 3633 566 3703 gestellt.
639 3634 741 3689 Die
775 3651 883 3689 von
920 3636 1128 3703 Fabius,
1167 3634 1358 3705 Scipi0‚
1394 3637 1596 3691 Marius
1631 3655 1685 3691 u.
1724 3653 1769 3691 a.
1813 3637 2136 3706 begriindete
2174 3636 2343 3690 Zucht
2386 3636 2601 3707 preisen
2636 3640 2797 3691 unter

339 3723 575 3777 anderen
610 3723 808 3778 Sallust
844 3723 977 3794 (Cat.
1017 3741 1062 3779 c.
1101 3727 1162 3780 9:
1202 3725 1304 3794 „in
1338 3724 1479 3780 bello
1516 3726 1727 3796 saepius
1763 3727 2089 3780 vindicatum
2127 3729 2210 3780 est
2244 3726 2300 3779 in
2337 3741 2444 3794 eoa,
2484 3724 2576 3795 qui
2612 3728 2797 3780 contra

338 3812 620 3881 imperium
657 3813 714 3866 in
749 3813 959 3868 hostem
986 3817 1355 3884 pugnaverant
1383 3856 1395 3868 .
1413 3856 1425 3868 .
1444 3855 1456 3868 .
1486 3832 1646 3885 quam
1682 3815 1773 3885 qui
1809 3815 1961 3885 signa
1987 3815 2290 3885 relinquere
2320 3857 2332 3870 .
2352 3858 2363 3870 .
2381 3857 2394 3870 .
2424 3816 2540 3869 ausi
2577 3816 2797 3884 erant“)

338 3902 450 3954 und
487 3902 672 3970 Casar,
724 3921 769 3956 z.
808 3903 869 3957 B.
907 3902 1031 3957 bell.
1069 3903 1201 3958 Gall.
1239 3904 1322 3973 H,
1361 3906 1430 3961 20
1468 3903 1995 3974 (Nervierschlacht).
2046 3935 2115 3945 —
2163 3904 2306 3974 Iam]
2356 3904 2458 3958 wie
2502 3922 2622 3959 vero
2667 3904 2795 3959 stei-

337 3990 521 4057 gernd.
560 4022 629 4030 —
673 3991 779 4045 illa
816 4032 828 4044 .
851 4033 898 4045 ..
935 4010 1104 4061 neque
1141 4034 1188 4046 ..
1211 4034 1223 4047 .
1260 4010 1429 4062 neque
1466 4034 1478 4046 .
1501 4034 1548 4047 ..
1587 3993 1928 4063 eonferenda]
1977 3994 2155 4062 „Jene
2191 3994 2516 4062 Leistungen
2552 3992 2672 4046 sind
2708 4008 2793 4045 er-

336 4077 515 4132 haben
550 4079 686 4133 iiber
713 4080 870 4134 einen
900 4082 1098 4150 (jeden)
1125 4082 1412 4151 Vergleich
1443 4124 1485 4137 ..
1504 4123 1534 4151 .,
1572 4082 1631 4135 in
1664 4083 1826 4151 ienen
1853 4083 2180 4152 Leistungen
2207 4083 2328 4136 darf
2355 4098 2479 4135 man
2506 4081 2687 4134 weder
2716 4121 2728 4134 .
2747 4121 2758 4133 .
2778 4121 2790 4132 .

336 4168 477 4221 noch
516 4208 527 4220 .
552 4210 564 4222 .
588 4209 599 4221 .
638 4168 805 4222 ihnen
841 4185 908 4223 an
944 4170 1031 4224 die
1067 4170 1212 4225 Seite
1249 4170 1501 4225 stellen“.
1540 4201 1613 4212 —
1657 4173 1885 4242 natura]
1937 4197 2003 4217 ==
2041 4171 2289 4241 ingenim
2339 4170 2424 4224 die
2469 4169 2649 4224 reiche
2685 4168 2791 4224 Be-

332 4256 547 4326 gabung
592 4257 768 4312 seines
806 4257 1001 4313 Volkes
1037 4260 1169 4313 hebt
1205 4259 1392 4316 Cicero
1429 4262 1562 4314 stets
1596 4261 1808 4315 hervor.
1846 4292 1917 4302 -
1966 4277 2093 4314 cum
2135 4259 2387 4328 Graecia]
2439 4256 2583 4326 „mit
2616 4257 2791 4311 denen

338 4343 758 4400 Griechenlands
795 4346 913 4417 (der
948 4347 1295 4417 Giieehen)“,
1333 4347 1667 4418 Comparatio
1704 4348 2120 4418 compendiaria3
2159 4347 2355 4402 ebenso
2391 4346 2631 4400 hernach
2665 4363 2793 4401 cum
