3221 4850
1194 245 1307 299 Lib.
1346 246 1417 313 11,
1458 262 1503 298 c.
1543 247 1769 302 17—18.
2607 243 2708 305 117

255 408 692 486 decubuisset,
755 407 996 471 ferrum
1054 409 1331 490 recipere
1393 408 1606 472 iussus
1672 408 1907 472 collum
1969 407 2326 472 contraxit?
2431 407 2710 473 Tantum

255 514 640 592 exercitatio,
684 514 1034 591 meditati0,
1081 513 1471 578 consuetudo
1518 514 1706 578 valet.
1796 514 1964 596 Ergo
2009 515 2129 578 hoc
2173 514 2408 597 poterit

473 636 829 715 Samnis,
876 656 1219 730 sp—ugqgis
1265 638 1526 715 h0m0‚
1571 638 1745 702 vita
1791 637 1938 701 illa
1983 638 2278 720 dignus
2333 639 2708 721 locoque,

255 782 353 845 vir
395 783 589 845 natus
637 781 717 845 ad
765 781 1030 863 gloriam
1088 781 1291 844 ullam
1349 783 1597 863 partem
1659 781 1855 845 animi
1915 783 2052 844 tam
2110 781 2370 845 mollem
2429 782 2706 859 habebit,

257 907 454 969 quam
499 907 627 951 non
671 887 1080 952 meditatione
1113 891 1179 951 et
1207 887 1452 952 ratione
1485 888 1900 952 conroboret?
1978 886 2250 953 Crudele
2282 888 2709 970 gladiatorum

257 994 695 1077 spectaculum
754 996 821 1058 et
872 995 1295 1059 inhumanum
1347 995 1670 1059 nonnullis
1735 994 1935 1059 videri
1995 994 2190 1071 solet,
2251 999 2318 1059 et
2363 995 2534 1059 haud
2581 996 2709 1059 scio

258 1120 341 1164 an
385 1101 478 1164 ita
523 1101 624 1178 sit,
671 1102 747 1164 ut
789 1121 960 1166 nunc
988 1101 1081 1168 fit.
1160 1100 1323 1167 Cum
1368 1120 1515 1166 vero
1564 1103 1799 1193 Q&
1822 1101 1988 1165 ferro
2031 1101 2503 1184 depugnabant,
2543 1102 2711 1166 auri-

255 1209 377 1271 bus
408 1207 679 1271 fortasse
710 1208 972 1285 multae,
1020 1208 1218 1273 oculis
1268 1208 1523 1290 quidem
1568 1209 1748 1272 nulla
1777 1210 2027 1290 poterat
2059 1226 2196 1273 esse
2228 1207 2453 1272 fortior
2492 1210 2710 1274 contra

256 1314 536 1378 dolorem
583 1316 649 1378 et
692 1317 965 1379 mortem
1012 1314 1359 1397 disciplina.
1630 1339 1675 1392 ἡ
1692 1325 1713 1334 ’·
1754 1355 1765 1362 -

435 1421 532 1484 De
602 1421 1198 1485 exercitatione
1270 1423 1335 1484 et
1404 1421 2006 1485 consuetudine
2084 1423 2149 1484 et
2216 1402 2817 1486 commenta-18

256 1528 478 1591 tione
528 1526 688 1602 dixi;
749 1545 892 1609 age,
939 1527 1053 1604 siS,
1113 1546 1285 1591 nunc
1331 1526 1408 1591 de
1456 1529 1781 1591 ratione
1828 1527 2184 1605 videamus,
2245 1528 2369 1591 nisi
2417 1528 2569 1610 quid
2615 1530 2709 1594 vis
2732 1488 2797 1530 η

258 1634 339 1697 ad
385 1634 560 1697 haec.
1101 1645 1116 1658 Χ

435 1741 519 1803 A.
565 1740 779 1822 Egone
825 1743 901 1804 ut
946 1742 1010 1805 te
1056 1741 1501 1824 interpellem?
1556 1761 1638 1805 ne
1683 1742 1803 1805 hoc
1850 1740 2106 1822 quidem
2151 1741 2420 1816 vellem;
2467 1742 2561 1806 ita
2606 1761 2709 1807 me

258 1847 340 1910 ad
387 1845 772 1911 credendum
819 1849 933 1911 tua
980 1848 1155 1911 ducit
1202 1848 1418 1912 oratio.

251 2111 407 2182 pere]
444 2111 623 2165 Durch
653 2111 752 2165 den
782 2111 947 2165 Zuruf
980 2112 1210 2182 „Recipe
1245 2113 1481 2165 ferrum“
1520 2113 1645 2165 oder
1682 2113 1807 2177 „Da
1841 2113 2078 2179 iugulum
2090 2114 2120 2138 “
2160 2114 2429 2180 verlangte
2457 2113 2551 2167 das
2575 2113 2711 2167 Volk

257 2201 359 2255 den
382 2201 492 2254 Tod
520 2202 662 2255 eines
682 2200 999 2255 Gladiators.
1034 2229 1095 2238 -
1127 2203 1326 2255 collum
1353 2202 1657 2271 contraoeit]
1689 2202 1781 2254 wir
1808 2201 1931 2254 eher
1959 2201 2101 2268 „den
2130 2202 2272 2272 Kopf
2294 2203 2620 2257 einziehen“.
2650 2232 2711 2240 —

255 2290 574 2357 meditatio]
616 2290 751 2356 „das
788 2290 1033 2343 Befassen
1053 2332 1066 2356 ,
1112 2290 1208 2343 das
1256 2280 1598 2343 Uberdenken
1615 2293 1644 2316 “
1693 2291 2127 2359 (commentatio).
2184 2321 2250 2331 —
2304 2291 2548 2359 Samnis]
2600 2292 2706 2345 Der

256 2379 391 2433 Vere
418 2380 492 2433 ist
518 2380 661 2433 einer
688 2379 859 2433 Satire
886 2379 976 2433 des
998 2379 1228 2432 Lucilius
1246 2382 1298 2447 (†
1326 2396 1413 2433 um
1435 2381 1535 2434 103
1564 2397 1612 2435 v.
1633 2378 1778 2447 Chr.)
1804 2384 2161 2448 entnommen;
2190 2381 2262 2435 im
2283 2380 2475 2436 Orator
2500 2381 2553 2449 (ξ
2583 2379 2709 2450 161)

256 2470 434 2522 macht
453 2469 629 2523 Cicero
658 2469 826 2522 selbst
844 2469 1032 2521 darauf
1050 2469 1413 2536 ausmerksam,
1443 2469 1558 2522 dass
1578 2487 1699 2524 man
1719 2470 1965 2540 sprechen
1995 2475 2192 2523 miisse:
2223 2470 2384 2537 „Vita
2411 2471 2504 2523 illa
2531 2471 2708 2538 dignu’

256 2558 470 2627 locoque
487 2560 535 2612 “.
591 2557 741 2611 Nach
769 2558 1033 2611 Stammen
1074 2559 1180 2611 und
1217 2559 1536 2612 besonderen
1563 2558 1895 2627 Riistungen,
1935 2559 2028 2612 wie
2064 2559 2237 2613 solche
2274 2560 2408 2613 noch
2444 2559 2700 2612 zahlreich

255 2648 330 2700 im
379 2646 868 2701 Nationalmuseum
922 2648 977 2699 in
1026 2647 1224 2717 Neapel
1281 2665 1342 2701 zu
1400 2648 1556 2700 sehen
1615 2649 1758 2714 sind,
1815 2648 2204 2702 unterscheidet
2255 2665 2376 2702 man
2431 2648 2708 2714 Samnites,

255 2735 497 2800 Thraece,
538 2733 706 2801 Galli;
744 2735 1006 2789 Samnites
1044 2736 1300 2789 zunachst
1334 2754 1434 2791 von
1471 2736 1571 2790 den
1595 2736 1926 2808 Kampanern
1968 2755 2025 2790 so
2060 2742 2312 2806 genannt.
2352 2768 2418 2776 --
2456 2743 2522 2791 ut
2555 2753 2708 2791 nunc

254 2825 337 2893 fit]
389 2826 482 2878 wie
531 2826 612 2878 bei
660 2825 778 2878 dem
825 2824 1108 2893 Siegesfest
1144 2825 1332 2880 Casars
1347 2869 1359 2891 ,
1410 2843 1476 2879 an
1526 2827 1771 2879 welchem
1823 2827 2062 2881 athletae
2108 2827 2216 2879 drei
2267 2826 2406 2894 Tage
2451 2826 2710 2880 hindurch

255 2914 520 2983 kampften
540 2936 552 2977 ;
575 2913 704 2967 viele
721 2913 1002 2967 Menschen
1020 2915 1232 2967 wurden
1250 2916 1305 2967 in
1325 2915 1441 2967 dem
1461 2912 1737 2983 Gedrfinge
1756 2914 2003 2968 erdriickt
2024 2913 2260 2984 (Sueten,
2283 2914 2428 2969 Caes.
2449 2932 2492 2969 c.
2512 2916 2619 2980 39).
2645 2944 2707 2953 -—

260 3001 396 3056 Cum
430 3019 556 3057 vero
591 3003 794 3070 sontes]
846 3003 906 3055 ln
955 3003 1046 3056 der
1093 3004 1291 3056 alteren
1345 3003 1460 3056 Zeit
1506 3005 1665 3057 nahm
1714 3021 1834 3057 man
1885 3004 2360 3072 Kriegsgefangene
2412 3004 2535 3057 oder
2582 3003 2707 3057 Ver-

257 3092 488 3145 urteilte.
528 3121 594 3129 —
632 3091 778 3158 ferro
802 3091 1219 3162 depuynabant]
1248 3117 1316 3137 =
1355 3092 1712 3147 decertabant
1738 3094 1865 3147 oder
1901 3093 2187 3147 certabant
2227 3134 2260 3160 „
2275 3093 2376 3146 mit
2411 3093 2528 3146 dem
2556 3093 2712 3146 Stahl

259 3180 341 3233 fiir
377 3180 462 3233 ihr
487 3180 657 3234 Leben
686 3181 958 3235 fochten“.
1003 3210 1062 3219 -
1103 3182 1337 3235 auribus
1372 3182 1601 3250 multae]
1642 3182 1806 3236 durch
1836 3183 2080 3236 Anhoren
2117 3200 2214 3235 von
2253 3182 2546 3251 Beispielen
2583 3182 2709 3235 oder

256 3268 662 3340 Erorterungen.
704 3297 768 3306 -
807 3272 982 3325 oculis
1017 3270 1262 3339 quidem]
1302 3273 1624 3343 ὀφθαλμοῖς
1660 3291 1738 3341 γε,
1790 3273 1920 3338 „fiir
1956 3272 2039 3324 die
2078 3271 2259 3340 Augen
2277 3272 2309 3297 ‘⁴
2347 3272 2592 3339 (betont).
2645 3299 2710 3309 -

258 3358 583 3428 disciplima]
623 3357 1002 3427 „Schulung“.

256 3523 365 3570 Den
401 3523 646 3573 Schmerz
681 3525 861 3572 macht
892 3525 1315 3582 philosophische
1349 3525 1703 3587 Auschauung
1735 3520 1765 3586 (
1758 3522 1931 3587 ratio)
1978 3525 2269 3587 ertrfiglich
2283 3560 2296 3575 .
2370 3522 2422 3589 (ἓ
2459 3521 2713 3587 42-67.)

486 3626 538 3689 1)
576 3624 728 3679 Nach
765 3627 864 3679 den
900 3626 1248 3696 Ergebnissen
1287 3628 1377 3680 der
1416 3628 1711 3695 bisherigen
1749 3627 2160 3696 Erorterungem

487 3715 544 3777 2)
579 3715 745 3768 durch
780 3715 1180 3769 Willensstfirke
1223 3715 1427 3783 (animi
1472 3717 1769 3784 contentio)
1779 3756 1796 3783 ,
1845 3716 2065 3784 geleitet
2108 3733 2223 3770 vom
2260 3719 2615 3790 ἡγεμονικόνς
2666 3734 2708 3770 s.

575 3803 900 3872 Disposition
937 3804 991 3859 S.
1032 3806 1154 3860 124.

397 3909 553 3977 Καρ.
593 3910 686 3968 18.
764 3923 847 3964 42.
897 3911 994 3978 sis]
1044 3912 1127 3964 fiir
1170 3912 1221 3966 si
1264 3912 1347 3967 vis
1380 3911 1699 3980 (Erklarung
1736 3911 1868 3965 nach
1904 3910 2081 3967 Cicero
2118 3912 2312 3979 selbst,
2365 3910 2458 3967 Or.
2497 3914 2528 3981 ξ
2569 3912 2708 3980 154),

260 3999 483 4066 „wenn’s
511 3999 721 4067 beliebt,
750 3999 1079 4068 geffilligst“.
1111 4032 1176 4040 —
1207 4001 1345 4070 quid
1371 4001 1456 4055 vis
1482 4000 1560 4054 ad
1586 4001 1741 4068 haec]
1770 4005 1989 4070 erganze
2017 4001 2196 4056 dicere
2210 4019 2231 4068 ;
2259 4001 2361 4068 vgl.
2390 4000 2433 4068 I,
2462 3999 2532 4055 55
2555 4000 2709 4067 (‚,da-

255 4103 417 4156 gegen
448 4087 768 4152 erinnern“).
790 4118 859 4127 —
885 4089 1079 4159 Egone
1104 4095 1172 4144 ut
1203 4095 1252 4144 te
1279 4088 1642 4158 interpellem]
1673 4089 1800 4156 „ich
1829 4089 1984 4143 sollte
2012 4089 2131 4141 dich
2151 4089 2533 4143 unterbrechen
2548 4088 2619 4142 ?“
2642 4119 2708 4127 —-

255 4192 322 4229 ne
354 4177 455 4232 hoc
491 4177 711 4246 qm'dem
743 4179 953 4246 vellem]
1002 4179 1106 4247 vgl.
1144 4178 1187 4245 I,
1224 4180 1325 4234 55:
1384 4179 1575 4246 „facile
1625 4195 1740 4232 sum
1790 4195 1977 4249 passus
2026 4195 2091 4231 ne
2139 4179 2195 4232 in
2231 4181 2465 4231 mentem
2502 4177 2710 4247 quidem

255 4265 381 4319 mihi
418 4265 618 4336 aliquid
655 4270 843 4320 contra
882 4268 1053 4321 venire
1065 4269 1115 4322 “.
1173 4297 1232 4304 -
1287 4267 1364 4321 ad
1408 4267 1740 4323 credendum
1787 4273 1891 4321 twa
1935 4267 2093 4323 ducit
2137 4266 2356 4334 oratio]
2416 4309 2446 4334 ,‚
2462 4283 2520 4320 so
2564 4268 2710 4321 iiber·

2174 4354 2284 4409 10*
