3221 4850
522 272 626 335 186
1317 272 1734 329 Tusculanarum
1769 273 2184 342 disputationum

698 433 782 499 A.
841 437 936 500 Ac
979 435 1219 500 multos
1267 435 1525 517 quidem
1571 454 1612 501 a
1655 435 1959 519 Dionysio
2009 435 2237 501 Stoico.

699 541 797 606 M.
857 541 1060 606 Probe
1116 541 1291 608 dicis.
1384 542 1511 608 Sed
1566 543 1623 607 is
1683 543 1870 625 quasi
1915 543 2187 621 dictata,
2243 543 2419 609 nullo
2476 543 2714 609 dilectu
2730 591 2748 620 ,
2806 543 3034 607 nulla

524 648 866 731 elegantia,
922 647 1105 713 Philo
1153 651 1219 715 et
1261 648 1512 735 proprio
1557 668 1824 715 numero
1873 652 1938 715 et
1981 650 2149 716 lecta
2205 653 2504 733 poemata
2559 652 2626 715 et
2679 651 2818 715 loco
2895 649 3037 714 ad-

521 756 844 839 iungebat.
918 755 1148 838 Itaque
1178 759 1523 839 postquam
1571 756 1867 821 adamavi
1908 758 2076 823 hanc
2122 758 2306 839 quasi
2353 758 2619 822 senilem
2666 757 3030 823 declama-

521 863 790 941 tionem,
851 862 1131 928 studiose
1189 863 1484 945 equidem
1529 865 1677 928 utor
1719 863 1955 928 nostris
2001 864 2244 947 poetis3
2305 864 2417 929 sed
2474 864 2678 929 sicubi
2734 864 2836 927 illi
2895 863 3027 928 de-

523 969 829 1048 fecerunt,
875 970 1041 1035 verti
1087 970 1283 1035 etiam
1325 971 1535 1035 multa
1583 969 1660 1035 de
1710 969 1990 1048 GraeciS,
2034 989 2114 1035 ne
2163 990 2287 1053 quo
2333 973 2706 1036 ornamento
2752 971 2824 1034 in
2877 971 3027 1036 hoc

440 1094 501 1140 ιτ
526 1096 754 1160 genere
816 1076 1264 1160 disputationis
1325 1079 1571 1143 careret
1625 1076 1858 1142 Latina
1915 1077 2136 1142 oratio.
2229 1077 2355 1143 Sed
2409 1077 2667 1142 videsne
2684 1125 2701 1155 ‚
2736 1080 3029 1161 'poetae

528 1183 683 1267 quid
726 1183 883 1251 mali
927 1182 1268 1249 adferant?
1336 1182 1795 1249 Lamentantes
1841 1183 2154 1249 inducunt
2183 1183 2560 1249 fortissimos
2591 1184 2783 1262 vitoe,
2830 1184 3029 1248 mol-

526 1291 697 1356 liunt
728 1291 973 1356 animos
1003 1293 1273 1369 nostroe,
1318 1290 1412 1356 ita
1458 1292 1610 1355 sunt
1642 1289 1865 1356 deinde
1898 1290 2135 1369 dulces,
2179 1293 2257 1355 ut
2296 1311 2424 1357 non
2453 1292 2751 1373 legantur
2782 1291 3027 1369 mod0,

531 1399 644 1464 sed
675 1398 871 1463 etiam
905 1397 1287 1483 ediscantur.
1360 1397 1466 1463 Sic
1496 1398 1577 1463 ad
1607 1399 1847 1462 malam
1880 1397 2295 1463 domesticam
2327 1398 2726 1484 disciplinam
2755 1398 3025 1463 vitam-

530 1524 652 1588 que
700 1505 1111 1598 umbratilem
1157 1507 1224 1570 et
1269 1504 1613 1570 delicatam
1659 1524 1804 1570 cum
1853 1507 2261 1571 accesserunt
2306 1505 2502 1570 etiam
2545 1506 2799 1589 poetae,
2846 1524 3023 1569 ner-

527 1631 639 1678 vos
694 1630 914 1678 omnes
939 1601 1227 1677 *virtutis
1287 1612 1553 1694 elidunt.
1644 1612 1841 1678 Recte
1887 1612 2086 1695 igitur
2131 1631 2170 1677 a
2214 1612 2482 1678 Platone
2538 1612 2861 1677 eiciuntur
2925 1631 3017 1676 ex

529 1738 605 1784 ea
650 1719 935 1796 civitate,
992 1737 1186 1800 quam
1230 1718 1414 1782 finxit
1456 1718 1591 1796 ille,
1649 1738 1794 1783 cum
1840 1720 2113 1803 optimos
2158 1738 2367 1783 mores
2415 1720 2480 1783 et
2525 1719 2843 1802 optimum
2900 1719 3015 1784 rei

528 1824 818 1908 publicae
867 1825 1110 1888 statum
1143 1824 1533 1906 exquireret.
1609 1826 1699 1889 At
1743 1844 1890 1889 vero
1935 1844 2070 1904 nos,
2116 1826 2285 1891 docti
2330 1825 2571 1890 scilicet
2616 1844 2655 1889 a
2702 1824 3013 1904 Graecia,

530 2075 625 2130 wie
660 2093 750 2130 um
779 2074 885 2131 100
911 2093 959 2131 v.
979 2071 1101 2131 Chr.
1131 2073 1470 2142 Charmadas,
1508 2079 1689 2145 spater
1714 2074 1883 2128 Philo.
1922 2103 1990 2113 -
2026 2091 2065 2128 a
2090 2073 2370 2144 Dionysio
2396 2071 2604 2142 Stoico]
2631 2074 2714 2127 eiu
2740 2072 3013 2142 jungerer

531 2165 738 2219 Stoiker
773 2165 929 2233 (nach
966 2166 1036 2219 78
1072 2182 1120 2219 ν.
1157 2163 1319 2231 Chr).
1358 2194 1425 2204 -—
1470 2164 1646 2219 Probe
1683 2163 1847 2231 dicis]
1888 2161 2208 2232 ‚‚Richtig“.
2260 2192 2327 2201 —
2375 2165 2540 2231 quasi
2578 2163 2818 2230 dictata]
2859 2163 3009 2230 „wie

530 2253 980 2324 Eingepauktes“.
1031 2282 1099 2292 —
1151 2252 1337 2321 Philo]
1375 2271 1417 2308 s.
1457 2270 1521 2307 zu
1557 2254 1588 2322 ξ
1624 2254 1676 2308 9.
1728 2282 1796 2292 --
1842 2253 2079 2322 promto
2114 2251 2362 2321 nmnero]
2403 2253 2517 2320 „im
2552 2252 2859 2322 Rhythmus
2895 2253 3007 2307 dea

532 2341 857 2410 Originals“.
910 2370 976 2381 -
1027 2341 1188 2409 lecta]
1227 2366 1292 2384 =
1333 2343 1517 2414 electa..
1567 2369 1638 2380 —
1689 2341 1824 2409 loco]
1872 2342 1967 2394 wie
2013 2358 2114 2396 suo
2163 2342 2304 2410 loco,
2352 2342 2418 2395 in
2463 2342 2579 2397 loco
2625 2359 2734 2409 „an
2782 2342 3003 2395 rechter

533 2431 757 2486 Stelle“.
809 2458 876 2468 -
926 2431 1148 2486 senilem
1196 2430 1669 2500 declamationem]
1721 2433 1844 2499 „als
1879 2431 2205 2501 Redeiibung
2239 2432 2311 2485 im
2346 2431 2558 2487 Alter-⁴⁴.
2633 2432 2764 2486 Dass
2811 2431 2997 2488 Cicero

533 2521 657 2575 aber
703 2521 837 2574 auch
886 2521 942 2574 in
990 2521 1083 2574 der
1116 2521 1151 2574 J
1153 2521 1326 2589 ugend
1374 2521 1475 2575 viel
1511 2522 1807 2574 iibersetzte
1845 2550 1910 2559 —·
1951 2538 2042 2574 zur
2078 2521 2362 2587 Stiliibung
2396 2550 2494 2584 —‚
2544 2522 2726 2575 diirfen
2763 2522 2858 2574 wir
2893 2538 2996 2575 aue

453 2627 460 2631 ·
534 2611 612 2663 De
638 2626 713 2664 or.
750 2609 794 2677 Ι,
833 2610 939 2665 155
974 2610 1304 2664 entnehmen.
1344 2641 1409 2650 -
1447 2610 1592 2665 verti
1629 2610 1816 2678 etiam]
1858 2634 1922 2653 =
1955 2611 2122 2665 etiam
2155 2611 2310 2665 verti.
2359 2641 2416 2649 -—
2456 2610 2522 2666 de
2562 2609 2812 2679 Graecis]
2847 2609 2999 2664 Neu-

536 2701 694 2753 trum.
734 2726 798 2736 -
839 2698 1047 2766 oratio]
1086 2698 1533 2768 „Daretellung‘·.

680 2799 762 2842 2¹1.
811 2787 1066 2855 Videsne]
1103 2788 1203 2842 Dio
1231 2787 1642 2842 Dichterstellen
1669 2789 1893 2842 benutzt
1920 2787 2097 2843 Cicero
2135 2789 2391 2854 zweisoeh,
2430 2789 2545 2842 dem
2574 2787 2772 2858 Epikur
2801 2806 2998 2857 gegen—

535 2877 662 2930 iiber
697 2877 776 2930 als
815 2877 1027 2944 Beweis,
1065 2876 1182 2931 dass
1219 2877 1311 2931 der
1348 2876 1591 2932 Schmerz
1627 2877 1756 2930 herb
1793 2878 1870 2931 ist
1895 2876 2194 2945 (Eingang),
2233 2878 2325 2931 der
2361 2877 2490 2931 Stoa
2523 2879 2831 2946 gegeniiber,
2869 2877 2996 2932 dass

536 2965 618 3018 die
662 2965 883 3019 Dichter
932 2983 995 3019 zu
1043 2964 1146 3020 den
1192 2966 1733 3032 „Verweichlichten“
1784 2966 2026 3034 gehoren.
2085 2995 2152 3005 -—
2210 2966 2558 3022 domesticam
2607 2965 2994 3036 disciplinam]

537 3053 853 3123 „Schulung
887 3072 951 3108 zu
986 3055 1225 3109 Hause“.
1275 3083 1342 3093 —
1390 3057 1563 3110 vitam
1583 3095 1596 3108 .
1618 3095 1631 3108 .
1653 3095 1666 3108 .
1704 3055 2054 3110 umbratilem
2098 3061 2152 3109 et
2190 3055 2505 3123 delicatam]
2545 3056 2987 3124 „wetterscheuen

537 3142 644 3196 und
682 3143 1128 3197 verweichlichten
1154 3143 1325 3197 Leben
1340 3145 1398 3210 “3
1436 3143 1520 3197 die
1557 3144 1810 3198 riimische
1838 3144 2180 3212 Voretcllung
2215 3162 2312 3200 von
2355 3146 2670 3200 umbratilis
2714 3145 2836 3198 oder
2866 3162 2993 3200 um-

536 3231 783 3286 braticus
816 3232 935 3299 gibt
971 3230 1262 3297 Quintilian
1297 3234 1395 3300 (ca.
1435 3232 1505 3286 95
1534 3250 1584 3286 n.
1617 3231 1765 3299 Chr.)
1799 3233 1854 3287 in
1893 3234 2061 3287 seiner
2100 3233 2548 3302 „Unterweisung
2582 3235 2675 3288 des
2711 3233 2987 3287 Redners“

536 3319 610 3387 (Ι,
647 3320 711 3386 2,
750 3321 868 3385 17);
907 3319 1091 3387 „Ante
1128 3321 1300 3374 omnia
1335 3322 1547 3375 futurus
1583 3326 1786 3389 orator,
1823 3323 1907 3376 cui
1942 3323 1998 3376 in
2034 3324 2259 3377 maxima
2293 3323 2602 3377 celebritate
2637 3325 2694 3376 et
2728 3323 2783 3376 in
2819 3323 2991 3376 media

537 3408 612 3462 rei
660 3409 898 3478 publicae
946 3409 1062 3463 luce
1097 3412 1185 3475 (=
1227 3410 1356 3475 sole)
1391 3410 1667 3464 vivendum
1703 3414 1815 3478 eet,
1865 3416 2134 3466 assuescat
2168 3413 2269 3465 iam
2321 3429 2354 3465 a
2399 3416 2579 3466 tenero
2614 3414 2733 3478 (von
2772 3411 2987 3465 Kindes·

539 3497 720 3552 beinen
758 3499 848 3563 an)
884 3515 988 3553 non
1024 3499 1358 3553 reformidare
1385 3498 1669 3568 (fiirchten)
1697 3500 1934 3554 homines
1969 3518 2136 3571 neque
2173 3501 2409 3554 solitaria
2443 3505 2500 3555 et
2527 3502 2673 3554 velut
2702 3500 2989 3554 umbratica

541 3587 648 3640 vita
683 3587 1016 3657 pallescero.“
1072 3588 1136 3642 In
1172 3590 1272 3642 den
1310 3589 1888 3659 schattenspendenden
1924 3590 2236 3658 Peristylicn
2274 3591 2367 3644 der
2401 3589 2612 3644 Hauser
2648 3589 2832 3643 suchte
2865 3606 2983 3644 man

539 3675 651 3729 sich
688 3694 786 3730 von
823 3676 943 3731 (lem
979 3675 1148 3732 Staub
1200 3678 1307 3731 und
1346 3678 1439 3731 der
1474 3677 1822 3732 Sonnenhitze
1873 3678 1965 3732 der
2001 3678 2237 3732 Straffisen
2287 3679 2396 3732 und
2430 3678 2613 3732 Pliitze
2649 3695 2713 3732 zu
2749 3678 2987 3747 erholen;

539 3763 631 3817 der
667 3764 1096 3820 Verweichlichte
1144 3767 1275 3834 geht
1320 3767 1618 3837 iiberhaupt
1665 3766 1815 3821 nicht
1861 3767 2080 3833 heraus;
2132 3767 2344 3838 caliqat
2391 3769 2455 3821 in
2503 3770 2613 3823 sole
2648 3770 2703 3836 („
2718 3768 2827 3822 ihm
2863 3768 2991 3822 wird

539 3852 959 3923 schwindelig“).
1009 3854 1129 3923 Vgl.
1156 3855 1189 3922 ἓ
1213 3857 1301 3911 36.
1338 3884 1408 3894 -
1443 3872 1634 3912 nervos
1671 3896 1685 3910 .
1706 3898 1718 3910 .
1741 3897 1754 3910 .
1792 3855 2032 3924 elidunt]
2071 3857 2169 3910 Die
2203 3856 2482 3925 Wendung
2518 3856 2752 3911 erinnert
2787 3873 2850 3910 an
2886 3857 2986 3912 den

540 3940 792 4010 Vorwurf,
822 3943 922 3996 den
952 3943 1081 3997 viele
1107 3944 1225 3998 dem
1243 3944 1573 4016 Theophrast
1600 3962 1777 4014 wegen
1805 3947 1974 3999 seines
1994 3943 2329 4000 Gedankens:
2359 3945 2571 4014 „Vitam
2601 3947 2741 4014 regit
2766 3947 2991 4012 fortuna,
3148 3966 3149 4039 ᾗ

539 4047 644 4085 non
680 4031 980 4101 sapientia“
1016 4032 1103 4100 (V,
1132 4033 1222 4099 25)
1259 4034 1519 4101 machten,
1556 4034 1786 4088 namlich
1824 4033 2252 4105 „Theophrastus
2287 4028 2472 4089 nervos
2509 4036 2726 4089 virtutis
2763 4035 2985 4089 incIdit“

536 4119 652 4188 (Ac.
677 4124 814 4190 post.
842 4119 887 4188 Ι,
907 4121 1015 4189 35),
1046 4121 1176 4188 „Th.
1204 4122 1303 4175 hat
1331 4122 1413 4176 die
1438 4122 1604 4177 Sehn
1618 4141 1693 4177 en
1719 4123 1812 4177 der
1829 4122 2046 4192 Tugend
2076 4123 2570 4191 durchschnitteu“,
2601 4125 2713 4178 ihre
2739 4130 2989 4179 constan·

539 4209 625 4262 tia
650 4209 969 4277 gebrochen;
1008 4210 1083 4264 sie
1122 4210 1249 4264 wird
1276 4211 1439 4264 daher
1475 4212 1666 4266 schlaff
1695 4211 2065 4282 (Zanyaescit).
2103 4243 2170 4252 —
2208 4229 2276 4268 ex
2301 4228 2367 4267 ea
2394 4213 2642 4281 civitate]
2678 4230 2774 4266 aus
2802 4213 2989 4268 seinem

541 4295 875 4362 „Idealstaat
885 4297 935 4366 “,
951 4298 1122 4353 seiner
1140 4339 1173 4366 „
1183 4298 1438 4368 Politia“,
1456 4301 1686 4354 namlich
1704 4301 1782 4355 De
1794 4318 1901 4372 rep.
1914 4301 2011 4369 111,
2022 4302 2188 4357 398A.
2202 4331 2267 4341 -
2290 4301 2439 4358 docti
2455 4302 2662 4358 seilicet
2679 4319 2716 4356 a
2730 4302 2985 4372 Graecia]
