3221 4850
1308 317 1421 371 Lib.
1460 317 1504 384 1,
1543 334 1589 371 ο.
1628 318 1714 373 25.
2666 315 2733 376 67

463 480 677 559 Quid?
723 481 835 544 illa
866 481 959 545 vis
994 499 1155 562 quae
1205 480 1463 544 tandem
1512 482 1631 557 est,
1678 498 1842 561 quae
1880 479 2227 561 investigat
2258 479 2523 557 occulta,
2572 498 2738 561 quae

283 588 658 655 inventio
706 589 899 669 atque
948 587 1348 669 cogitatio
1396 587 1674 651 dicitur?
1749 586 1844 649 Ex
1872 586 2075 650 hacne
2123 586 2240 650 tibi
2270 588 2525 650 terrena
2568 605 2738 651 mor·
2760 605 2824 649 62

285 695 526 775 talique
586 696 821 758 natura
881 698 948 758 et
1003 694 1243 758 caduca
1302 696 1593 758 concreta
1655 711 1730 757 ea
1787 692 2069 770 videtur,
2133 695 2247 756 aut
2307 693 2419 774 qui
2476 694 2737 775 primus,

289 802 456 882 quod
515 819 804 866 summae
864 800 1210 882 sapientiae
1271 800 1672 882 Pythagorae
1733 799 1942 863 visum
2004 802 2131 877 est,
2198 801 2489 864 omnibus
2547 801 2737 864 rebus

287 908 593 991 imposuit
644 908 932 984 nomina,
994 909 1108 970 aut
1162 907 1272 988 qui
1328 907 1669 989 dissipatos
1725 906 2014 971 homines
2071 907 2480 988 congregavit
2536 908 2602 971 et
2657 907 2738 971 ad

290 1015 660 1079 societatem
706 1014 874 1078 vitae
922 1014 1305 1091 convocavit,
1353 1015 1468 1078 aut
1514 1013 1623 1095 qui
1671 1031 1855 1077 sonos
1902 1013 2090 1090 vociS,
2138 1013 2247 1095 qui
2292 1012 2522 1077 infiniti
2569 1013 2740 1079 vide-

287 1122 538 1199 bantur,
585 1121 803 1204 paucis
835 1121 1197 1185 litterarum
1242 1121 1410 1184 notis
1458 1119 1842 1197 terminavit,
1890 1122 2005 1184 aut
2037 1120 2147 1202 qui
2192 1121 2545 1185 errantium
2590 1122 2742 1185 stel-

285 1230 495 1292 larum
542 1247 797 1305 cursuS,
843 1228 1385 1310 praegressiones,
1431 1227 1791 1291 institiones
1836 1228 2128 1291 notavit?
2222 1225 2459 1292 Omnes
2505 1228 2739 1309 magni,

287 1336 480 1399 etiam
530 1335 911 1417 superioreS,
959 1335 1069 1416 qui
1114 1333 1357 1416 fruges,
1407 1334 1515 1416 qui
1561 1333 1896 1409 vestitum,
1945 1333 2055 1414 qui
2100 1335 2287 1411 tecta,
2336 1336 2446 1415 qui
2493 1335 2739 1407 cultum

285 1442 470 1519 vitae,
519 1442 629 1523 qui
673 1441 988 1524 praesidia
1034 1443 1253 1506 contra
1298 1440 1465 1505 feras
1510 1442 1908 1518 invenerunt,
1956 1459 1993 1503 a
2041 1440 2270 1522 quibus
2316 1441 2741 1506 mansuefacti

288 1588 423 1595 αὴ..

431 1686 458 1726 6
472 1685 514 1725 2.
552 1671 817 1739 concreta]
869 1710 900 1738 ,‚
914 1669 1284 1723 erwachsen“.
1339 1700 1405 1710 —
1455 1673 1553 1723 aut
1601 1669 1702 1737 qui
1745 1669 1985 1738 primm]
2036 1673 2262 1737 erganze
2312 1674 2588 1723 concretus
2632 1687 2743 1724 esse

283 1761 519 1826 videtur,
570 1775 681 1814 was
727 1761 822 1812 fiir
866 1758 985 1812 eius
1034 1758 1262 1812 animus
1311 1763 1583 1812 concretus
1630 1757 1803 1825 fuisse
1849 1757 2061 1811 videtur
2096 1758 2306 1811 stiinde.
2359 1789 2427 1797 —
2479 1759 2621 1828 quod
2658 1800 2669 1812 .
2693 1800 2705 1812 .
2728 1799 2739 1812 .

283 1848 487 1918 visum]
536 1849 671 1902 auch
707 1848 762 1900 in
802 1848 1322 1916 Appositionssatzen
1372 1847 1556 1916 haufig
1603 1848 1746 1916 quod
1788 1848 1918 1901 statt
1951 1847 2015 1900 id
2047 1847 2199 1915 quod.
2251 1878 2321 1886 --
2368 1864 2617 1902 swmmae
2651 1865 2742 1902 sa-

277 1938 545 2007 pientiae]
584 1941 811 2006 erganze
838 1953 948 1990 esse
976 1936 1205 2004 ,‚Sache,
1242 1936 1701 2004 Errungenschaft
1736 1937 1786 1989 d.
1817 1936 1869 1989 h.
1901 1936 2041 1989 W.“.
2082 1966 2150 1975 —
2185 1935 2453 2006 imposuit
2486 1937 2741 2007 nomina]

285 2027 399 2081 Seit
432 2027 556 2080 dem
593 2027 643 2082 5.
679 2026 713 2079 J
714 2024 1045 2079 ah‘rhundert
1079 2025 1356 2078 herrschte
1393 2024 1451 2076 in
1488 2024 1877 2078 Griechenland
1912 2024 2009 2078 der
2043 2024 2232 2091 Streit,
2282 2025 2348 2078 ob
2385 2025 2472 2078 die
2508 2025 2743 2094 Sprache

287 2120 455 2189 φύσει
491 2117 545 2184 („
556 2130 662 2168 von
690 2114 928 2182 Natur“)
965 2115 1093 2167 oder
1127 2120 1283 2170 θέσει
1318 2114 1553 2182 („durch
1579 2113 1874 2182 Satzung“,
1914 2113 2128 2181 „durch
2153 2102 2617 2183 Ubereinkunfffl)
2647 2117 2742 2184 sei,

284 2220 537 2274 genauer‚
576 2203 642 2257 ob
680 2203 778 2256 mit
813 2203 935 2256 dem
972 2203 1130 2257 Wort
1159 2203 1254 2257 das
1291 2203 1492 2256 Wesen
1531 2203 1679 2257 eines
1715 2202 1915 2271 Dinges
1953 2202 2265 2257 bezeichnet
2299 2205 2476 2257 werde
2512 2205 2642 2258 oder
2678 2205 2743 2259 ob

287 2309 346 2347 es
380 2310 485 2346 nur
521 2293 679 2346 einen
717 2290 1184 2345 konventionellen
1221 2291 1607 2358 Lautkomplex
1644 2291 1894 2345 darstelle
1911 2331 1925 2359 ,
1974 2292 2074 2344 der
2107 2307 2211 2345 uns
2249 2309 2371 2346 vom
2409 2293 2614 2347 Wesen
2649 2294 2743 2348 des

285 2382 487 2452 Dinges
536 2381 714 2436 nichts
758 2383 984 2436 verrate.
1039 2412 1102 2420 —
1154 2379 1254 2450 qui
1407 2380 1765 2450 eonyreyavit]
1818 2381 1914 2435 der
1949 2379 2287 2436 Staatsmann
2338 2381 2465 2435 oder
2500 2382 2742 2452 Redner3

286 2489 345 2526 so
381 2473 476 2525 der
514 2476 871 2544 συνοικισμὸς
905 2471 998 2524 des
1034 2470 1284 2524 Theseus.
1334 2501 1404 2510 —
1453 2470 1762 2524 litterarum
1796 2470 1968 2540 notis]
2015 2470 2114 2525 Die
2161 2471 2338 2526 antike
2374 2471 2746 2525 Notenschrift

285 2561 537 2615 benutzte
574 2561 726 2614 nieht
760 2561 929 2614 hoher
965 2559 1074 2613 und
1108 2559 1269 2613 tiefer
1305 2559 1548 2627 gestellte
1584 2559 1795 2613 Punkte
1842 2560 1973 2613 oder
2007 2559 2432 2628 „Notenkopfe“
2447 2600 2461 2626 ,
2511 2562 2742 2615 sondern

287 2650 628 2704 Buohstaben
666 2652 843 2716 (notas
879 2649 1207 2717 litterarum)
1246 2665 1342 2701 zur
1368 2648 1747 2717 Bezeichnung
1783 2649 1882 2702 der
1906 2649 2049 2703 'Pone
2086 2649 2181 2702 der
2208 2648 2379 2718 Skala,
2417 2665 2527 2703 was
2562 2650 2618 2701 in
2647 2650 2745 2704 der

286 2739 579 2791 modernen
613 2738 950 2807 Benennung
995 2740 1134 2792 noch
1183 2739 1494 2793 nachwirkt.
1568 2735 1728 2793 Sei'ne
1765 2738 1985 2793 Studien
2030 2738 2166 2791 iiber
2201 2737 2503 2806 Rhythmus
2549 2740 2604 2791 in
2649 2740 2746 2793 der

285 2826 436 2880 Rede
472 2826 695 2879 fiihrten
722 2825 908 2882 Cicero
944 2827 1256 2880 wiederholt
1290 2828 1375 2881 ins
1403 2827 1593 2881 Gebiet
1628 2828 1726 2880 der
1750 2826 2147 2881 Musiktheorie.
2178 2859 2246 2867 —
2282 2829 2590 2882 errantium
2619 2830 2742 2898 etc.]

286 2917 401 2970 Der
453 2915 760 2984 Polyhistor
816 2916 1271 2984 PosidoniuS‚
1323 2916 1420 2969 der
1474 2915 1876 2970 einflussreiehe
1913 2916 2117 2970 Lehrer
2153 2915 2395 2985 CicerOS,
2452 2917 2599 2970 hatte
2656 2917 2744 2970 ein

285 3003 653 3058 Planetarium
688 3004 1034 3072 konstruiert,
1085 3005 1179 3059 das
1217 3004 1531 3073 allgemeine
1567 3004 1980 3073 Bewunderung
2015 3005 2314 3059 verdiente:
2369 3046 2401 3075 „
2418 3005 2569 3072 Quod
2605 3006 2652 3059 si
2687 3006 2743 3059 in

287 3093 563 3161 Scythiam
612 3095 704 3148 aut
746 3092 804 3145 in
840 3094 1171 3147 Britanniam
1207 3093 1568 3162 sphaeram
1606 3093 1796 3162 aliquis
1831 3091 2017 3147 tulerit
2051 3094 2217 3162 hanc,
2256 3110 2414 3163 quam
2452 3111 2625 3163 nuper
2660 3096 2743 3148 fa-

287 3181 510 3236 miliaris
547 3184 731 3236 noster
766 3182 955 3236 effecit
979 3182 1308 3250 Posidonius,
1347 3183 1497 3236 cuius
1523 3182 1762 3251 singulae
1792 3182 2165 3237 conversiones
2193 3183 2743 3253 („Umdrehungen“)

287 3270 432 3324 idem
470 3271 721 3324 efficiunt
755 3271 811 3324 in
849 3271 959 3325 sole
997 3274 1052 3325 et
1086 3271 1142 3323 in
1176 3271 1305 3326 luna
1340 3274 1396 3325 et
1429 3271 1485 3324 in
1523 3272 1758 3341 quinque
1787 3271 1956 3326 stellis
1984 3271 2298 3340 errantibus,
2337 3272 2477 3341 quod
2506 3272 2746 3327 efficitur

286 3360 344 3413 in
391 3360 538 3414 caelo
588 3359 810 3430 singulis
859 3359 1046 3414 diebus
1095 3362 1152 3414 et
1185 3361 1428 3415 noctibus
1442 3402 1456 3429 ,
1512 3361 1632 3430 quis
1678 3360 1733 3413 in
1785 3360 1879 3414 illa
1925 3360 2166 3415 barbaria
2212 3360 2445 3430 dubitet,
2496 3361 2625 3430 quin
2681 3378 2746 3415 ea

287 3449 516 3519 sphaera
550 3449 622 3504 sit
654 3450 896 3517 perfecta
931 3450 1219 3505 ratione‘?“
1256 3451 1358 3520 (De
1395 3453 1502 3504 nat.
1540 3451 1686 3505 deor.
1715 3451 1788 3518 II,
1826 3452 1933 3519 88).
2006 3441 2159 3505 ⁷Uber
2192 3450 2279 3505 die
2307 3450 2614 3520 Bewegung
2649 3451 2747 3505 der

287 3539 416 3591 fiinf
449 3538 826 3593 Planeten:
877 3538 1153 3607 „Maxime
1200 3555 1330 3594 vero
1375 3541 1503 3593 sunt
1539 3540 1876 3594 admirabiles
1911 3542 2088 3595 motus
2126 3557 2308 3595 earum
2346 3539 2579 3609 quinque
2616 3538 2744 3593 stel-

287 3627 492 3697 larum,
530 3643 666 3696 quae
701 3627 838 3682 falso
876 3631 1135 3682 vocantur
1170 3630 1411 3683 errantes
1568 3630 1685 3681 tum
1722 3630 1942 3697 adeunt,
1981 3631 2097 3682 tum
2133 3630 2417 3697 recedunt,
2469 3630 2583 3681 tum
2621 3645 2703 3683 an
2720 3660 2742 3672 -

290 3721 358 3770 te
373 3733 403 3770 c
416 3716 493 3770 ed
508 3718 633 3770 unt
694 3716 821 3786 (vgl.
884 3717 1361 3786 praegressiones),
1426 3720 1542 3771 tum
1604 3719 1784 3772 autem
1847 3718 2245 3787 subsequuntur
2258 3758 2272 3786 ,
2338 3720 2452 3771 tum
2519 3715 2745 3773 celerius

288 3807 601 3873 moventur,
651 3807 767 3859 tum
811 3806 1039 3874 tardiuS,
1090 3808 1206 3860 tum
1242 3806 1457 3860 omnino
1504 3823 1574 3861 ne
1612 3808 1897 3860 moventur
1931 3807 2173 3876 quidem,
2226 3807 2319 3861 sed
2368 3807 2433 3861 ad
2482 3808 2745 3876 quoddam

289 3897 502 3963 tempus
537 3893 929 3949 insistunt“
980 3896 1235 3964 („stehen
1283 3896 1377 3949 auf
1424 3894 1596 3964 einige
1635 3895 1750 3949 Zeit
1793 3894 2007 3963 stille“;
2058 3895 2225 3949 daher
2269 3894 2585 3963 institio,
2636 3895 2741 3964 vgl.

290 3981 613 4052 solstitium).
662 4015 732 4024 —
781 3983 951 4038 etiam
984 3985 1308 4055 superiores]
1359 3984 1504 4053 gross
1553 3984 1673 4037 sind
1725 3983 1908 4053 „auch
1942 3983 2027 4038 die
2063 3984 2384 4038 friiheren“.
2424 4016 2492 4023 —
2535 3984 2741 4053 fmqes]

290 4072 643 4127 verschieden
667 4088 772 4127 von
798 4073 1013 4142 fruetus
1041 4074 1137 4143 (im
1154 4073 1566 4129 Schwedischen
1594 4073 1828 4141 „frukt“
1858 4098 1923 4118 ---
1946 4073 2096 4143 Obst)
2125 4073 2252 4127 oder
2278 4073 2455 4128 haeae.
2483 4104 2551 4113 —
2589 4073 2742 4141 tecta]

290 4161 403 4215 Der
436 4161 634 4216 Schutz
669 4178 840 4231 gegen
863 4161 1028 4216 Wind
1064 4163 1173 4216 und
1210 4162 1424 4216 Wetter
1457 4162 1530 4217 ist
1562 4163 1659 4216 das
1695 4165 1853 4230 erste,
1890 4178 2001 4217 was
2036 4162 2124 4216 die
2159 4161 2428 4230 primitive
2455 4161 2747 4231 Wohnung

288 4250 467 4323 bieten
487 4249 603 4305 soll.
633 4282 702 4291 --
727 4250 934 4305 cultum
950 4250 1112 4321 vitae]
1141 4291 1174 4320 „
1190 4251 1277 4305 ein
1304 4251 1863 4320 menschenwiirdjges
1890 4251 2061 4322 (nicht
2085 4250 2384 4319 tierisches)
2401 4249 2644 4304 Leben“.
2675 4282 2744 4291 -

287 4334 658 4407 maiisuefaeti
700 4344 750 4394 et
795 4339 1014 4410 multi]
1064 4339 1386 4409 „gemildert
1430 4339 1541 4393 und
1589 4339 1882 4409 gebildet“.
1916 4371 1992 4406 ,--
2041 4357 2077 4394 a
2113 4338 2440 4394 necessariis
2477 4338 2745 4409 artificiis

2235 4430 2270 4482 5
2285 4430 2316 4464 ιιι
