3221 4850
468 298 542 358 64
1265 298 1683 352 Tusculanarum
1717 297 2131 366 disputationum

467 462 804 551 pusionem
845 461 1185 543 quendam
1247 459 1541 526 Socrates
1603 461 1959 542 interrogat
2019 460 2334 542 quaedam
2397 458 2782 541 geometrica
2848 459 2929 524 de

474 550 862 633 dimensione
911 568 1225 651 quadrati.
1301 568 1400 632 Ad
1446 585 1523 632 ea
1569 567 1660 633 sic
1704 568 1812 632 ille
1858 566 2215 651 respondet,
2261 568 2338 630 ut
2382 585 2559 649 puer,
2606 569 2671 631 et
2709 568 2932 631 tamen

471 676 566 740 ita
623 674 840 740 faciles
901 675 1430 757 interrogationes
1491 677 1672 750 sunt,
1740 677 1817 738 ut
1874 674 2190 756 gradatim
2250 674 2637 756 respondens
2706 673 2931 738 eodem

464 782 830 866 perveniat,
891 801 1017 864 quo
1080 783 1136 845 si
1190 781 1574 862 geometrica
1632 780 1972 845 didicisset.
2061 781 2158 844 Ex
2214 799 2336 861 quo
2397 779 2561 844 effici
2619 781 2759 844 vult
2816 780 2932 845 So-

473 891 714 967 crateS,
783 891 858 953 ut
918 888 1158 953 discere
1216 888 1376 952 nihil
1439 887 1613 951 aliud
1671 888 1756 951 sit
1820 888 1945 951 nisi
2002 887 2337 952 recordari.
2441 886 2648 965 Quem
2715 874 2932 952 locum

473 997 679 1060 multo
741 996 936 1060 etiam
994 995 1352 1060 accuratius
1409 995 1682 1077 explicat
1735 995 1802 1057 in
1849 1013 1920 1058 eo
1968 1013 2287 1072 sermone,
2348 1014 2540 1077 quem
2585 995 2809 1059 habuit
2856 1015 2933 1059 eo

471 1104 610 1187 ipso
658 1104 789 1180 die,
850 1122 974 1184 quo
1022 1102 1290 1166 excessit
1336 1121 1369 1166 e
1417 1103 1584 1176 vita3
1648 1101 1831 1166 docet
1889 1101 2060 1165 enim
2107 1102 2427 1182 quemviS,
2489 1102 2598 1182 qui
2644 1102 2936 1165 omnium

475 1229 691 1275 rerum
721 1209 897 1273 rudis
930 1229 1067 1273 esse
1100 1208 1408 1286 videatur,
1448 1208 1607 1272 bene
1638 1208 2057 1289 interroganti
2087 1208 2576 1290 respondentem
2609 1208 2935 1273 declarare

478 1336 545 1381 se
591 1335 718 1381 non
767 1320 909 1381 tum
954 1317 1067 1380 illa
1112 1316 1386 1392 discere,
1446 1314 1558 1379 sed
1604 1315 2063 1379 reminiscendo
2110 1334 2555 1396 recognoscere
2617 1335 2734 1380 nec
2788 1335 2941 1389 vero

477 1423 614 1488 fieri
659 1424 788 1487 ullo
834 1423 1020 1488 modo
1070 1442 1282 1506 posse,
1341 1424 1416 1485 ut
1463 1441 1500 1485 a
1545 1422 1759 1504 pueris
1804 1424 1904 1486 tot
1947 1440 2161 1485 rerum
2223 1423 2418 1503 atque
2465 1423 2795 1485 tantarum
2840 1424 2945 1487 in-

483 1528 639 1594 sitas
687 1535 753 1594 et
786 1530 968 1611 quasi
1014 1531 1418 1612 consignatas
1464 1534 1530 1592 in
1578 1528 1807 1592 animis
1854 1528 2164 1605 notioneS,
2212 1547 2371 1609 quas
2411 1524 2659 1606 ἐννοίας
2688 1532 2945 1608 vocant,

482 1638 882 1714 haberemus,
927 1637 1051 1701 nisi
1083 1637 1353 1713 animus,
1399 1638 1549 1700 ante
1584 1655 1780 1717 quam
1825 1636 1891 1698 in
1924 1655 2151 1718 corpus
2182 1636 2569 1712 intravisset,
2615 1637 2681 1699 in
2722 1655 2946 1701 rerum

390 1762 464 1807 ss
487 1744 840 1825 cognitione
886 1743 1210 1824 viguisset.
1289 1741 1577 1823 Cumque
1625 1742 1785 1805 nihil
1831 1745 2017 1818 esset,
2063 1746 2139 1805 ut
2185 1742 2476 1805 omnibus
2523 1742 2677 1806 locis
2725 1762 2762 1806 a
2792 1743 2947 1806 Pla-

483 1851 635 1914 tone
668 1849 1003 1913 disseritur
1037 1849 1222 1933 (nihil
1270 1849 1437 1912 enim
1469 1848 1576 1911 ille
1624 1851 1811 1930 putat
1843 1867 2000 1925 esse,
2049 1846 2215 1929 quod
2249 1849 2491 1913 oriatur
2537 1853 2603 1913 et
2645 1849 2948 1927 intereat,

484 1956 676 2039 idque
723 1957 929 2021 solum
975 1975 1132 2033 esse,
1180 1956 1345 2037 quod
1397 1974 1646 2037 semper
1691 1956 1820 2019 tale
1870 1955 1972 2032 sit,
2020 1956 2208 2036 quale
2257 1957 2384 2029 est;
2431 1950 2614 2019 ἰδέαν
2660 1956 2951 2038 appellat

485 2065 611 2142 ille,
655 2083 772 2128 nos
820 2063 1138 2146 speciem),
1183 2082 1310 2127 non
1340 2064 1550 2146 potuit
1595 2062 1848 2126 animus
1879 2063 2038 2126 haec
2082 2063 2148 2125 in
2194 2081 2449 2145 corpore
2496 2062 2783 2126 inclusus
2833 2063 2952 2127 ad-

488 2189 806 2254 gnoscere,
853 2171 1106 2252 cognita
1153 2170 1407 2244 attulit;
1456 2188 1532 2233 ex
1563 2172 1856 2251 quotam
1901 2170 2254 2232 multarum
2300 2187 2517 2232 rerum
2563 2169 2949 2250 cognitionis

482 2453 786 2520 interroyat
821 2452 1089 2521 quaedam
1119 2451 1462 2521 qeometrica]
1511 2490 1544 2518 „
1559 2450 1708 2505 stellt
1744 2451 1915 2520 einige
1953 2451 2393 2506 mathematische
2430 2452 2636 2521 Fragen
2652 2454 2698 2504 “.
2757 2483 2825 2492 —
2880 2453 2956 2507 de

477 2541 825 2595 ,dimenszbne
861 2540 1147 2611 quadrati]
1187 2541 1372 2608 „iiber
1405 2540 1492 2594 die
1530 2542 1899 2609 Ausmessung
1933 2542 1983 2594 d.
2025 2540 2140 2607 Q.“.
2190 2572 2259 2581 -
2304 2541 2388 2595 sic
2426 2583 2439 2595 .
2463 2583 2474 2595 .
2498 2582 2510 2595 .
2547 2547 2610 2595 ut
2637 2543 2796 2611 puer]
2837 2558 2955 2612 „so

490 2631 590 2684 wie
637 2646 696 2684 es
741 2629 858 2684 sich
901 2646 1010 2683 von
1059 2629 1231 2685 einem
1270 2630 1496 2684 Knaben
1542 2632 1805 2683 erwarten
1854 2629 2040 2684 lasst“.
2099 2662 2167 2670 -
2222 2636 2270 2685 et
2305 2637 2490 2685 tamen
2527 2672 2539 2685 .
2563 2672 2609 2686 ..
2639 2631 2953 2702 perveniat]

479 2719 644 2774 :sollte
680 2718 779 2773 mit
813 2719 1141 2773 Parenthese
1177 2719 1411 2774 heissen:
1448 2724 1497 2773 et
1532 2723 1716 2773 tamen
1763 2751 1831 2759 -
1880 2719 1966 2774 ita
1998 2720 2193 2788 faciles
2226 2720 2675 2791 interroyationes
2710 2726 2839 2775 sunt
2876 2753 2957 2761 -—

474 2809 769 2878 stradatc'm
807 2808 1194 2879 (stutenweise)
1229 2809 1552 2879 respondens
1576 2810 1755 2862 eodem
1770 2810 2030 2879 pervenit,
2071 2828 2173 2879 quo
2211 2851 2224 2863 .
2246 2851 2259 2864 .
2282 2834 2324 2879 .;
2363 2826 2422 2864 so
2460 2811 2776 2865 bestimmen
2813 2810 2958 2865 Par-

492 2898 768 2966 enthesen,
806 2898 900 2952 fiir
940 2897 1026 2952 die
1071 2914 1197 2951 man
1223 2898 1380 2953 keine
1407 2899 1655 2953 ausseren
1674 2898 2055 2953 Kennzeichen
2091 2899 2255 2965 hatte,
2291 2899 2443 2953 nicht
2468 2899 2642 2954 selten
2677 2899 2782 2954 den
2817 2900 2959 2953 wei-

484 2990 645 3041 ·teren
671 2986 899 3041 Verlauf
926 2987 1075 3041 eines
1103 2987 1464 3056 Satzgefiiges.
1505 3019 1573 3027 -—
1609 2987 1824 3056 faciles]
1863 3026 1896 3054 „
1910 2987 2075 3040 leicht
2101 2987 2358 3057 (fasslich)
2376 2989 2423 3055 “‚
2461 2988 2655 3042 nahert
2680 2989 2797 3043 sich
2822 2990 2962 3043 dem

489 3076 703 3145 Begriff
739 3116 771 3144 ,,
788 3076 1171 3145 zweckmassig,
1211 3076 1488 3145 angepasst
1501 3078 1561 3142 “3
1599 3074 1705 3143 vgl.
1735 3075 1860 3129 bem
1885 3075 2263 3145 ὡηέωτοραηιί.
2304 3108 2371 3117 -
2409 3079 2533 3147 quo]
2573 3082 2799 3147 erganze
2820 3095 2961 3147 per-

484 3163 710 3218 veniret.
761 3194 834 3205 —
896 3165 1065 3229 Quem
1101 3166 1298 3235 locum]
1338 3164 1585 3233 „Diesen
1623 3165 1815 3233 PunRt,
1855 3165 2201 3219 Godanken“.
2254 3198 2322 3206 ——-
2378 3166 2445 3220 in
2479 3184 2537 3220 eo
2572 3168 2834 3236 sermone]
2874 3167 2965 3221 im

493 3253 711 3307 Phadon
748 3271 798 3322 p.
841 3256 908 3308 72
923 3254 982 3308 Ε.
1023 3286 1092 3295 -
1129 3254 1254 3308 benc
1289 3253 1681 3324 interroqanti]
1722 3256 1858 3322 „auf
1893 3254 2088 3324 richtig
2123 3255 2428 3325 (geschiclrt,
2466 3259 2659 3321 καλῶς)
2702 3254 2967 3323 gestellte

482 3341 763 3410 Fragen“.
822 3372 889 3382 ——
943 3360 1058 3396 non
1092 3348 1208 3396 tum
1244 3343 1368 3413 illa]
1418 3343 1617 3410 „nicht
1648 3344 1782 3412 J’etzt
1817 3346 1929 3397 erst
1964 3344 2109 3398 diese
2146 3343 2355 3397 Sachen
2392 3383 2404 3395 .
2428 3383 2439 3395 .
2463 3345 2528 3394 .“.
2586 3373 2654 3382 —
2710 3346 2966 3415 ἑννοίας]

497 3430 865 3485 Verwechselt
900 3431 1017 3485 sind
1053 3432 1174 3486 hier
1210 3433 1263 3500 1)
1300 3432 1387 3485 die
1423 3432 1799 3487 Platonischen
1839 3434 2000 3495 ἰδέαι,
2038 3447 2107 3485 an
2142 3431 2227 3484 die
2264 3430 2381 3483 sich
2416 3430 2501 3483 die
2530 3429 2684 3485 Seele
2721 3432 2968 3485 zuriick-

481 3519 759 3588 »erinnert‚
807 3537 966 3574 wenn
1013 3520 1090 3575 sie
1137 3521 1196 3573 in
1232 3521 1337 3575 den
1373 3521 1583 3590 Korper
1620 3521 1951 3589 eingetreten
1987 3519 2058 3573 ist
2075 3560 2089 3587 ,
2145 3520 2200 3589 2)
2236 3518 2321 3573 die
2356 3526 2539 3575 κοιναὶ
2577 3523 2811 3586 ἔννοιαι,
2864 3520 2968 3577 die

499 3610 641 3665 allen
674 3610 972 3664 Menschen
1010 3610 1383 3679 angeborenen
1419 3610 1663 3678 Begriffe
1700 3610 1796 3663 der
1821 3608 2052 3677 Stoiker3
2091 3608 2170 3663 sie
2207 3609 2381 3663 ruhen
2416 3608 2493 3662 im
2519 3609 2816 3664 Menschen
2844 3610 2962 3666 wie

488 3697 799 3767 ffversiegelt,
839 3704 1370 3775 ἀπεσφραγισμέναι
1406 3700 1533 3768 (von
1567 3704 1600 3768 ἡ
1640 3706 1896 3772 σφραγίς,
1935 3701 1996 3754 ῖδ
1999 3721 2059 3761 ος
2093 3698 2189 3752 das
2224 3698 2440 3768 Siegel),
2476 3699 2840 3768 oonsiymtae.
2883 3730 2968 3741 —-

484 3786 565 3840 -in
610 3804 796 3840 rerum
841 3787 1145 3856 coynitione
1179 3788 1457 3858 viyuisset]
1497 3828 1528 3855 „
1541 3788 1617 3841 im
1653 3787 1947 3842 Vollbesitz
1999 3787 2096 3841 der
2130 3787 2451 3842 Erkenntnis
2502 3789 2599 3842 der
2635 3788 2807 3857 Dinge
2858 3804 2972 3857 ge-

497 3891 678 3929 wesen
716 3879 856 3929 ware
877 3879 937 3944 “3
973 3876 1149 3946 viyere
1185 3878 1390 3932 starker
1426 3877 1504 3931 als
1539 3877 1728 3931 vivere.

646 3978 727 4022 58.
789 3964 1026 4034 Cumque
1072 3966 1226 4021 qnihil
1272 3968 1422 4036 esset]
1477 3966 1607 4035 „Da
1656 3982 1715 4021 es
1763 3966 1887 4020 kein
1936 3966 2146 4021 wahres
2195 3966 2322 4022 Sein
2370 3966 2483 4036 gibt
2528 4007 2541 4019 .
2571 4008 2583 4020 .
2612 3970 2689 4021 .“.
2744 3997 2812 4006 —
2868 3966 2972 4020 id-

483 4056 618 4125 que]
675 4054 990 4110 adversativ.
1057 4088 1125 4096 —
1189 4057 1340 4126 haec]
1406 4057 1500 4110 auf
1553 4058 1660 4111 tale
1710 4056 1811 4123 sit,
1876 4057 2035 4126 quale
2088 4062 2189 4124 est,
2254 4056 2341 4111 die
2394 4058 2529 4110 stets
2583 4056 2700 4111 sich
2752 4054 2973 4125 gleich-

501 4143 820 4199 bleibenden
854 4145 1038 4199 Ideen.
1076 4176 1146 4185 —
1195 4146 1534 4216 adynoscere]
1583 4162 1744 4201 wenn
1791 4145 1869 4200 sie
1914 4162 2019 4200 von
2067 4147 2257 4202 sussen
2303 4162 2372 4200 an
2415 4145 2511 4199 ihn
2544 4146 2978 4214 herangetreton

503 4238 696 4288 waren.
746 4265 815 4274 -—
865 4251 929 4288 eoe
972 4252 1076 4303 quo
1119 4239 1238 4288 tam
1280 4234 1585 4290 multuo-um
1621 4252 1807 4289 rerum
1842 4235 2171 4305 coquitionis
2205 4234 2506 4289 admiratio
2541 4234 2768 4303 tollitur]
2816 4274 2849 4302 „
2864 4234 2976 4288 da-

486 4321 601 4373 „mit
662 4320 784 4375 saut
844 4322 938 4376 das
991 4321 1398 4377 Unerklarliche
1463 4323 1614 4377 einer
1673 4339 1733 4378 so
1797 4323 2220 4394 ausgebreiteten
2272 4323 2595 4378 Erkenntnis
2650 4339 2767 4391 weg
2780 4325 2829 4376 “.
2890 4354 2977 4363 —
