3221 4850
1258 302 1372 357 Lib.
1414 302 1454 370 1,
1493 318 1540 356 ο.
1573 302 1805 358 42-43.
2693 300 2768 365 99

314 466 645 550 sepultura
690 464 1028 530 dicendum
1076 464 1459 542 existimem,
1506 483 1643 529 rem
1688 484 1816 528 non
1865 463 2183 529 difficilem
2202 513 2217 542 ,
2262 464 2340 528 iis
2384 443 2760 547 praesertim

315 573 602 655 cognitis,
652 591 813 654 quae
862 572 937 636 de
984 572 1146 635 nihil
1193 571 1523 636 sentiendo
1568 572 1760 654 paulo
1809 573 1956 635 ante
2004 570 2177 635 dicta
2230 573 2400 635 sunt.
2489 571 2587 637 De
2635 591 2761 655 qua

317 679 608 744 Socrates
656 679 914 761 quidem
964 678 1117 760 quid
1164 679 1464 756 senserit,
1511 681 1776 762 apparet
1819 679 1886 742 in
1935 697 2006 743 eo
2053 678 2244 755 libre,
2290 678 2357 741 in
2404 698 2526 760 quo
2573 680 2773 743 mori—-

314 787 452 864 tur,
516 786 592 851 de
642 804 766 868 quo
830 785 960 850 iam
1018 787 1154 849 tam
1200 785 1410 849 multa
1453 785 1744 849 diximus.
1837 784 2002 850 Cum
2050 784 2220 848 enim
2267 784 2343 848 de
2388 785 2884 852 immortali-10⁸

316 895 448 957 tate
497 892 853 956 animorum
901 892 1357 975 disputavisset
1402 894 1468 955 et
1511 891 1643 955 iam
1687 891 1998 955 moriendi
2040 892 2298 973 tempus
2345 894 2620 973 urgeret,
2665 912 2764 956 ro-

316 1001 503 1081 gatus
553 1018 591 1063 a
621 997 895 1076 Critone,
943 997 1482 1080 quemadmodum
1530 997 1783 1081 sepeliri
1829 998 2038 1075 vellet,
2085 998 2480 1076 „Multam
2527 1004 2763 1077 vero“,

315 1106 556 1189 inquit,
626 1124 1029 1189 „operam‚
1112 1105 1381 1183 amici,
1463 1104 1781 1169 frustra
1851 1106 2339 1189 consumpsi.
2456 1105 2764 1171 Critoni

314 1213 524 1278 enim
567 1213 850 1277 nostro
895 1230 1049 1276 non
1094 1212 1481 1295 persuasi
1525 1230 1642 1276 me
1701 1212 1888 1276 hinc
1935 1212 2458 1276 avolaturum
2503 1231 2762 1293 neque

311 1319 463 1384 mei
522 1319 960 1401 quicquam
1021 1319 1531 1383 relicturum.
1634 1318 1933 1383 Verum
2004 1323 2298 1396 tamen,
2371 1318 2628 1403 Crito,
2699 1320 2776 1384 si'

311 1445 427 1491 me
492 1426 836 1508 adsequi
890 1426 1276 1509 potueris
1333 1428 1475 1489 aut
1521 1425 1786 1490 sicubi
1829 1427 2176 1490 nanctus
2225 1426 2417 1503 eris,
2478 1428 2567 1490 ut
2611 1427 2766 1491 tibi

310 1531 770 1610 videbitur,
817 1532 1184 1616 sepelit0.
1246 1531 1431 1610 Sed,
1461 1531 1962 1610 mihicrede,
1992 1550 2217 1596 nemo
2249 1551 2363 1597 me
2396 1534 2765 1611 vestrum,

312 1659 485 1704 cum
542 1639 735 1704 hinc
782 1657 1238 1717 excessero,
1299 1640 1904 1721 consequetur.“
1994 1638 2324 1703 Praeclare
2387 1640 2444 1704 is
2492 1639 2767 1722 quidem,

314 1748 425 1828 qui
471 1749 537 1811 et
582 1747 785 1811 amico
830 1745 1192 1830 permiserit
1239 1748 1305 1810 et
1351 1764 1418 1810 se
1464 1745 1814 1810 ostenderit
1861 1747 1937 1809 de
1981 1747 2103 1810 hoc
2146 1749 2281 1810 toto
2329 1764 2557 1828 genere
2603 1747 2764 1810 nihil

311 1853 615 1917 laborare.
706 1852 941 1917 Durior
986 1852 1306 1934 Diogenes
1367 1856 1434 1917 et
1484 1852 1540 1916 is
1604 1852 1862 1934 quidem
1924 1852 2084 1916 idem
2143 1854 2457 1931 sentiens,
2518 1852 2630 1918 sed
2688 1856 2765 1918 ut
2793 1873 2885 1916 104

316 1959 593 2041 Cynicus
641 1960 945 2041 asperius,
990 1959 1189 2041 proici
1236 1977 1302 2022 se
1349 1958 1539 2022 iussit
1581 1960 2009 2023 inhumatum.
2100 1959 2265 2024 Tum
2310 1960 2531 2024 amici:
2581 1959 2676 2037 „V
2694 1979 2767 2031 ο,-

312 2065 800 2130 lucribusne
861 2067 939 2129 et
983 2064 1283 2129 feris?“
1376 2065 1748 2142 „Minime
1796 2071 2053 2141 vero“,
2099 2066 2346 2148 inquit-3
2395 2066 2586 2144 „sed
2630 2067 2768 2131 ba-

313 2346 489 2414 „iiber
524 2346 863 2415 Beerdigung
899 2348 961 2415 (s,
1001 2363 1068 2399 zu
1105 2346 1138 2414 ὅ
1176 2348 1267 2415 27)
1304 2347 1413 2400 und
1451 2346 1768 2415 Bestattung
1803 2346 2163 2416 uberhaupt‘&
2203 2378 2271 2387 -—
2316 2365 2435 2401 rem
2467 2364 2581 2401 non
2613 2348 2768 2418 diffi‘

312 2437 491 2505 cilem]
519 2436 620 2490 Die
649 2435 1252 2505 Substantivapposition
1280 2453 1402 2489 zum
1430 2452 1636 2505 ganzen
1664 2435 1787 2490 Satz
1815 2436 1888 2490 ist
1914 2436 2031 2491 hier
2056 2436 2192 2504 hart,
2232 2437 2352 2490 weil
2382 2438 2502 2491 kein
2525 2438 2766 2495 Verbum

313 2541 409 2578 zur
444 2526 669 2579 Rektion
706 2525 801 2579 des
836 2525 1155 2579 Akkusativs
1192 2525 1499 2579 vorhanden
1534 2526 1621 2579 ist.
1661 2557 1729 2565 —
1766 2526 1830 2579 de
1862 2525 2014 2579 nihil
2045 2526 2338 2595 sentimdo]
2376 2526 2489 2580 Der
2523 2527 2766 2582 Infinitiv

309 2631 444 2682 ganz
482 2614 899 2668 substantivisch
934 2614 1246 2682 gebraucht,
1286 2615 1441 2668 Nom.
1478 2614 1632 2669 nihil
1663 2615 1864 2669 sentem
1900 2619 2243 2684 ἀναισθησία
2278 2615 2381 2669 wie
2415 2616 2567 2670 mm
2599 2612 2769 2671 dolere

312 2707 641 2775 ἀναλγησία,
688 2703 806 2756 Abl.
856 2704 920 2757 de
953 2703 1104 2757 nihil
1137 2703 1411 2757 sentiendo
1461 2710 1585 2778 περὶ
1626 2716 1727 2759 τοῦ
1759 2706 1940 2780 μηδὲν
1982 2710 2372 2760 αἰσθάνεσθαι.
2430 2736 2501 2744 -
2554 2705 2621 2758 in
2665 2723 2768 2774 quo

311 2793 569 2861 moritur]
623 2793 722 2860 „in
772 2792 1032 2847 welchem
1080 2792 1195 2845 sein
1245 2792 1353 2846 Tod
1399 2792 1627 2860 erzahlt,
1664 2792 1977 2862 dargestellt
2011 2793 2205 2858 wird“,
2260 2794 2310 2847 d.
2349 2794 2383 2845 i.
2438 2793 2513 2846 im
2549 2793 2768 2849 Phadon

311 2898 363 2950 p.
404 2882 579 2949 115c;
618 2898 716 2935 zur
750 2881 931 2934 Kiirze
967 2882 1063 2935 des
1100 2881 1409 2935 Ausdrucks
1445 2881 1549 2950 vgl.
1589 2898 1657 2934 zu
1691 2884 1722 2951 ξ
1759 2883 1844 2937 77.

463 2992 576 3036 103.
614 2980 978 3048 avolaturum]
1016 2980 1117 3032 wie
1153 2978 1239 3032 die
1277 2979 1509 3033 anderen
1536 2979 1728 3034 Seelen
1764 2980 1862 3034 der
1888 2979 2189 3035 Gereohten
2226 2982 2552 3057 (οἰχήσομαι
2589 2985 2771 3038 ἀπιὼν

312 3075 389 3131 εἰς
422 3074 688 3142 μακάρων
733 3071 805 3138 δή
851 3090 1004 3131 τινας
1039 3068 1451 3142 εὐδαιμονίας);
1501 3067 1679 3122 Platos
1717 3069 1904 3123 Worte
1953 3069 2073 3123 sind
2121 3070 2259 3123 auch
2307 3069 2427 3124 hier
2472 3071 2600 3125 sehr
2646 3071 2765 3140 frei,

311 3156 413 3210 mit
447 3156 843 3226 Auslassungen
879 3157 988 3210 und
1025 3156 1448 3226 Umstellungen,
1488 3157 1934 3227 wiedergegeben.
2008 3158 2121 3212 Der
2156 3158 2506 3214 befreundete
2544 3159 2770 3214 Schiiler

312 3245 504 3299 Kriton
550 3245 728 3300 wollte
775 3245 874 3299 mit
919 3244 1246 3314 Geldopfern
1299 3247 1421 3299 dem
1457 3245 1678 3301 Meister
1723 3263 1820 3301 zur
1864 3246 2059 3301 Fluoht
2105 3247 2242 3301 nach
2290 3247 2597 3302 Thessalien
2645 3265 2767 3304 ver-

311 3334 492 3390 helfen
534 3334 733 3406 (Platos
771 3334 1067 3405 ,‚Kriton“‚
1105 3336 1356 3404 Anfang).
1397 3367 1465 3375 —
1511 3335 1568 3389 si
1599 3353 1687 3390 me
1721 3336 1950 3405 adsequi
1986 3377 2032 3389 ..
2056 3337 2090 3406 .]
2129 3340 2330 3412 ἐάνπερ
2368 3359 2430 3409 γε
2467 3341 2669 3408 λάβητέ
2694 3359 2769 3414 με

310 3430 405 3480 καὶ
439 3428 520 3498 μὴ
554 3428 776 3498 ἐκφύγω
816 3429 970 3498 ὑμᾶς.
1001 3455 1069 3464 -
1097 3423 1384 3478 Praeclare
1420 3425 1472 3478 is
1499 3425 1737 3495 quedem]
1767 3425 1943 3493 „Fein
1967 3426 2199 3480 §.usserte
2227 3426 2324 3480 der
2352 3426 2466 3480 sich
2478 3429 2529 3495 “,
2560 3426 2768 3496 Gegen-

313 3515 455 3567 satz:
510 3513 704 3567 durior
739 3512 1019 3582 („grdber,
1067 3514 1323 3581 derber“)
1374 3513 1652 3583 Dioyenes.
1704 3545 1772 3554 —
1822 3514 1886 3568 de
1932 3514 2029 3568 hoe
2077 3519 2180 3569 toto
2222 3516 2431 3584 ρατιονε]
2490 3531 2628 3585 „um
2682 3515 2767 3570 die

311 3617 481 3670 ganzo
518 3600 688 3656 Saohe
725 3601 1079 3670 (Gesohichte,
1117 3601 1305 3671 Frage)
1319 3605 1366 3656 “.

464 3711 578 3753 104.
620 3698 898 3768 Dioqenes]
949 3699 1047 3753 der
1081 3699 1311 3768 Zyniker
1356 3702 1409 3770 (ὁ
1445 3701 1657 3769 Κύων),
1709 3700 1824 3754 ssoh
1874 3716 1971 3754 aus
2018 3700 2195 3754 seiner
2230 3700 2540 3762 Vaterstadt
2573 3700 2767 3771 Sinope

312 3787 454 3842 nach
478 3788 673 3856 Athen,
710 3788 855 3841 ward
892 3786 979 3842 ein
1015 3789 1196 3842 treuer
1221 3787 1512 3857 Anhanger
1537 3789 1634 3843 des
1661 3788 2009 3842 Antisthenes
2046 3789 2155 3842 und
2191 3788 2383 3844 wusste
2419 3788 2576 3844 mehr
2598 3789 2768 3843 durch

312 3877 501 3932 seinen
538 3876 783 3931 bizarren
818 3874 1126 3945 Charakter,
1163 3877 1334 3931 durch
1369 3876 1733 3946 konsequente
1769 3876 2304 3947 Bediirfnislosigkeit
2348 3878 2460 3932 und
2496 3878 2768 3933 treffende

311 3966 626 4020 Antworten
664 3964 741 4020 als
778 3965 947 4020 durch
982 3965 1411 4035 philosophisohe
1447 3966 1705 4036 Tatigkeit
1751 3966 1836 4020 die
1871 3966 2360 4021 Aufmerksamkeit
2408 3967 2502 4021 auf
2550 3966 2665 4021 sich
2701 3983 2768 4020 zu

311 4053 523 4109 lenken.
561 4084 629 4094 -—
667 4054 877 4109 Durior
914 4096 926 4108 .
949 4096 960 4108 .
984 4095 996 4108 .
1033 4059 1083 4109 et
1117 4055 1334 4124 quidem
1369 4055 1515 4109 Mem
1549 4055 1805 4125 sentiens]
1845 4055 2097 4123 „Derber
2135 4096 2148 4108 .
2172 4098 2184 4109 .
2207 4096 2237 4124 .,
2274 4055 2348 4108 im
2387 4055 2604 4109 Grunde
2642 4054 2770 4108 aber

311 4142 596 4198 derselben
633 4142 916 4198 Ansieht“.
970 4175 1037 4183 —
1086 4149 1150 4198 ut
1194 4143 1451 4214 Oym‘om]
1502 4185 1534 4213 „
1545 4144 1687 4214 (wie)
1737 4144 2007 4199 natiirlich
2057 4143 2137 4198 als
2172 4143 2477 4213 Zyniker“;
2523 4142 2628 4211 vgl.
2656 4142 2767 4197 die

308 4231 657 4301 Darstellung
691 4231 779 4286 bei
816 4231 1292 4301 Baumeister,
1330 4232 1556 4288 Denkm.
1594 4233 1730 4288 Abb.
1758 4234 1918 4291 4751.
1957 4235 2070 4289 und
2103 4231 2346 4287 Raffaels
2385 4230 2625 4300 „Schule
2662 4247 2767 4286 von

311 4319 489 4376 Athen
501 4323 549 4373 “.
589 4352 657 4361 -
705 4320 978 4390 asperius]
1016 4320 1151 4375 Hier
1186 4320 1425 4376 schwebt
1459 4322 1627 4376 sehon
1662 4322 1830 4376 iussit
1865 4338 1961 4376 vor
1975 4362 1990 4389 ,
2040 4322 2126 4376 bei
2175 4320 2369 4376 durior
2407 4319 2536 4375 aber
2568 4324 2659 4376 est.
2697 4351 2769 4362 —

2263 4412 2296 4468 7
2311 4411 2339 4443 t
