3221 4850
1190 353 1304 408 Lib.
1343 354 1387 422 1,
1424 370 1470 407 ο.
1513 317 1740 410 19-22ζ
2629 354 2705 415 59

234 512 564 590 videlicet,
634 513 688 576 si
745 514 1010 597 physica
1068 534 1194 580 non
1254 515 1665 593 didicissetis,
1735 517 2080 594 timeretis,
2141 519 2703 596 „Acherunsia

235 620 552 702 templa
629 622 808 685 alta
877 619 1098 699 Orci,
1172 622 1492 706 pallida
1558 623 1777 701 Leti,
1853 624 2249 689 obnubila
2323 627 2700 692 tenebris

234 727 508 791 looaw?
600 727 743 792 Non
789 728 988 810 pudet
1031 729 1480 812 philosophum
1533 730 1599 792 in
1658 748 1730 794 eo
1786 731 2074 812 gloriari,
2136 732 2307 813 quod
2360 733 2520 798 haec
2573 713 2720 798 non'

235 834 470 898 timeat
539 836 606 899 et
664 835 832 916 quod
891 834 1053 900 falsa
1121 854 1259 901 esse
1319 837 1727 918 cognoverit?
1817 837 1870 900 E
1934 856 2058 919 quo
2125 838 2412 921 intellegi
2471 841 2701 923 potest,

238 958 440 1023 quam
507 941 680 1005 acuti
740 943 974 1006 natura
1032 942 1187 1021 sint,
1257 943 1558 1024 quoniam
1614 944 1775 1008 haec
1844 945 1979 1009 sine
2042 944 2329 1010 doctrina
2398 945 2703 1010 credituri

235 1047 520 1112 fuerunt.
610 1047 1020 1115 Praeclarum
1077 1052 1294 1116 autem
1347 1051 1560 1115 nescio
1608 1050 1762 1132 quid
1810 1051 2026 1135 adepti
2080 1055 2265 1130 sunt,
2328 1053 2497 1135 quod
2545 1053 2705 1118 didi·
2723 1074 2788 1116 ιο

239 1157 473 1221 cerunt
503 1174 589 1232 se,
635 1175 781 1221 cum
812 1160 1067 1241 tempus
1111 1158 1337 1222 mortis
1367 1158 1666 1236 venisset,
1712 1160 1883 1223 totos
1931 1178 2070 1225 esse
2102 1160 2437 1243 perituros.
2517 1159 2703 1239 Quod

234 1264 318 1327 ut
370 1262 464 1326 ita
519 1263 606 1326 sit
650 1263 836 1347 (nihil
891 1264 1061 1328 enim
1106 1264 1379 1349 pugno),
1439 1264 1592 1347 quid
1637 1265 1833 1331 habet
1887 1266 2014 1330 ista
2073 1286 2176 1331 res
2234 1270 2349 1331 aut
2407 1268 2701 1332 laetabile

239 1371 359 1434 aut
391 1369 785 1452 gloriosum?
854 1370 989 1436 Nec
1034 1374 1252 1436 tamen
1296 1372 1456 1436 mihi
1503 1390 1655 1437 sane
1689 1373 2034 1454 quicquam
2081 1375 2372 1452 occurrit,
2419 1395 2533 1439 cur
2576 1394 2704 1439 non

233 1475 645 1559 Pythagorae
694 1477 780 1542 sit
810 1480 876 1543 et
904 1477 1191 1543 Platonis
1224 1497 1376 1543 vera
1421 1479 1758 1543 sententia.
1834 1479 1927 1545 Ut
1958 1480 2127 1544 enim
2173 1481 2486 1546 rationem
2517 1481 2701 1547 Plato

237 1582 493 1647 nullam
541 1582 819 1648 adferret
864 1584 1061 1667 (vide,
1110 1584 1263 1666 quid
1306 1585 1550 1649 homini
1595 1584 1931 1669 tribuam),
1989 1586 2130 1669 ipsa
2176 1589 2553 1653 auctoritate
2599 1607 2703 1653 me

239 1689 604 1772 frangeret;
665 1693 764 1755 tot
809 1693 1027 1756 autem
1072 1692 1351 1757 rationes
1398 1693 1654 1770 attulit,
1716 1694 1792 1756 ut
1837 1693 2001 1757 velle
2047 1694 2274 1758 ceteris
2290 1742 2306 1771 ,
2366 1695 2485 1760 sibi
2531 1696 2703 1760 certe

238 1797 637 1882 persuasisse
685 1798 993 1862 videatur.

427 1904 554 1969 Sed
582 1906 843 1987 plurimi
889 1908 1111 1970 contra
1153 1906 1451 1971 nituntur
1491 1907 1864 1987 animosque
1898 1907 2082 1988 quasi
2128 1908 2335 1991 capite
2367 1907 2703 1973 damnatos
2723 1894 2810 1955 2²

240 2014 450 2076 morte
496 2012 782 2076 multant
824 2030 1032 2094 neque
1080 2012 1253 2076 aliud
1300 2015 1400 2076 est
1441 2013 1806 2094 quicquam,
1853 2032 1968 2077 cur
2012 2013 2399 2078 incredibilis
2446 2015 2523 2079 iis
2572 2016 2706 2079 ani-
2728 1980 2791 2023 ⁵⁰

242 2265 364 2314 tam
399 2260 594 2329 delira]
635 2275 762 2327 „wo
801 2259 890 2314 ein
927 2259 1060 2313 altes
1087 2257 1247 2312 Weib
1284 2274 1342 2312 so
1379 2257 1664 2328 hirnrissig
1701 2260 1839 2312 ...“.
1901 2291 1966 2300 -
2022 2259 2283 2329 videlicet]
2335 2258 2569 2312 ironisch
2604 2259 2707 2313 wie

239 2349 481 2414 scilicet,
546 2349 755 2419 opinor.
819 2379 887 2389 —-
940 2347 1179 2418 physica
1230 2347 1452 2417 discere]
1511 2389 1542 2417 „
1555 2347 2175 2402 Nalm-wissenschaften
2239 2348 2571 2402 studieren“.
2638 2379 2706 2387 -

241 2439 594 2494 Acherunsia
629 2440 828 2510 templa
987 2439 1125 2508 loca]
1165 2479 1196 2506 ,‚
1213 2438 1298 2493 die
1335 2437 1513 2491 hohen
1549 2438 1754 2492 Rfiume
1792 2455 1877 2492 am
1905 2438 2168 2505 Acheron,
2208 2438 2302 2492 des
2338 2438 2507 2492 'sodes
2542 2437 2707 2505 fahle,

239 2528 648 2583 dichtumflorte
687 2528 814 2583 Orto
827 2531 887 2596 “3
943 2528 1084 2582 wohl
1132 2527 1271 2581 nach
1322 2527 1472 2581 einer
1508 2526 1675 2582 Stelle
1723 2528 1819 2580 der
1856 2568 1887 2594 ‚,
1903 2528 2248 2597 Gesangenen
2283 2527 2656 2581 Andromache
2672 2530 2705 2558 “

241 2619 345 2672 des
360 2617 567 2671 Ennius
595 2619 883 2687 (Anapfiste
895 2617 962 2685 P).
992 2649 1060 2657 -—
1089 2618 1156 2670 in
1181 2635 1238 2671 eo
1261 2616 1529 2685 qloriari]
1560 2656 1592 2685 „
1608 2616 1722 2670 sich
1758 2616 1925 2670 damit
1960 2634 2029 2670 zu
2065 2616 2285 2670 briisten
2300 2618 2348 2683 “,
2386 2615 2492 2685 vgl.
2529 2634 2706 2685 reprc-

240 2707 474 2761 liendcre
509 2706 748 2773 aliquem
792 2706 860 2758 iu
894 2705 1088 2774 aliqua
1122 2724 1195 2759 re.
1253 2737 1321 2746 —
1377 2706 1558 2776 acuti]
1596 2706 1801 2759 Immer
1835 2705 2035 2759 wieder
2071 2705 2202 2759 wird
2238 2706 2343 2759 den
2380 2705 2708 2773 Epikureern

243 2794 464 2864 Mangel
513 2811 581 2847 an
619 2794 931 2849 Scharfsinn
980 2796 1364 2863 vorgeworfen.
1403 2826 1471 2835 —
1508 2796 1631 2849 sine
1665 2795 1917 2849 doctrina
1951 2794 2218 2849 credituri
2238 2794 2483 2863 fuerunt]
2524 2835 2556 2862 „
2570 2794 2709 2848 ohne

245 2883 860 2956 (Hoch-)Schulbildung
898 2883 1058 2952 (ohne
1095 2883 1360 2952 Studium)
1387 2884 1573 2953 gewiss
1608 2883 1858 2953 geglaubt
1890 2883 2137 2937 hatten“.

395 2987 419 3027 4
433 2986 478 3027 9.
517 2973 878 3027 Praeclarum
915 3013 927 3026 .
952 3013 964 3026 .
990 3014 1000 3026 .
1038 2973 1223 3043 adepti
1254 2975 1403 3043 sunt]
1453 2974 1632 3043 „Eine
1682 2973 2004 3042 eigenartige
2044 2972 2500 3041 Errungenschaft
2533 2972 2710 3026 haben

247 3064 328 3118 sie
365 3063 493 3116 aber
528 3062 692 3117 damit
726 3063 989 3132 gemacht,
1027 3063 1144 3118 dass
1183 3066 1304 3116 ...⁴⁶
1342 3064 1491 3132 (oder
1527 3063 1818 3131 „wenn“).
1858 3094 1927 3102 —
1963 3062 2117 3116 nihil
2149 3061 2299 3115 enim
2327 3063 2536 3131 puyno]
2576 3060 2710 3129 „ich

250 3152 601 3206 widerstreite
637 3152 852 3219 nicht“,
890 3153 1156 3206 verstiirkt
1182 3153 1286 3206 den
1307 3152 1595 3207 Gedanken
1623 3153 1718 3205 des
1744 3151 2076 3206 Potentialis.
2115 3182 2183 3192 —
2220 3150 2332 3205 Nec
2353 3191 2365 3204 .
2388 3191 2400 3203 .
2425 3191 2435 3203 .
2457 3150 2708 3217 occurrit,

245 3257 353 3295 cur
390 3281 402 3293 .
427 3281 437 3294 .
460 3281 472 3293 .
510 3240 605 3310 sit]
646 3241 851 3309 „Indes
888 3241 1080 3294 wiisste
1116 3240 1204 3294 ich
1240 3256 1335 3309 gar
1358 3240 1521 3308 nicht,
1560 3257 1767 3294 warum
1804 3281 1817 3293 .
1842 3281 1853 3293 .
1877 3281 1889 3294 .
1927 3240 2078 3294 nicht
2239 3241 2355 3294 sein
2392 3239 2547 3294 sollte
2561 3242 2610 3293 “.
2641 3271 2711 3280 —

249 3329 590 3401 Pytlzayorae-
623 3330 699 3383 sit
732 3331 800 3399 et]
840 3319 991 3385 Uber
1013 3329 1098 3384 die
1127 3328 1370 3399 Stellung
1393 3345 1434 3383 s.
1466 3330 1499 3397 ξ
1540 3331 1588 3384 1.
1641 3360 1709 3369 -·
1774 3330 1841 3383 Ut
1878 3370 1890 3382 .
1915 3370 1925 3382 .
1949 3370 1962 3382 .
1999 3330 2236 3398 nullam]
2277 3369 2308 3396 „
2327 3328 2557 3396 Gesetzt‚
2594 3328 2711 3384 dats

247 3418 445 3474 keinen
484 3459 495 3470 .
520 3461 533 3472 .
554 3421 620 3472 .“.
659 3450 738 3478 -,
765 3419 884 3473 vide
910 3418 1045 3488 quid
1076 3417 1296 3473 honuni
1329 3418 1592 3488 tribuam]
1635 3418 1821 3486 „Sieh,
1859 3417 2034 3473 welch
2062 3417 2150 3472 ein
2169 3418 2472 3471 Vertrauen
2495 3417 2582 3470 ich
2619 3418 2714 3471 aui

244 3507 358 3561 den
395 3507 559 3562 Manu
598 3511 695 3579 (τῷ
733 3509 917 3584 ἀνδρὶ)
954 3509 1101 3563 setze
1117 3511 1167 3561 “.
1206 3538 1274 3548 -
1315 3508 1443 3577 ipsa
1479 3507 1800 3562 auctoritate
1835 3525 1921 3561 me
1955 3508 2250 3576 franyerct]
2290 3505 2413 3559 Wir
2445 3506 2546 3558 mit
2579 3506 2711 3559 abn-

254 3588 452 3650 lichem
490 3597 629 3664 Bild,
668 3597 797 3651 aber
829 3597 887 3649 in
925 3598 1152 3652 anderer
1186 3596 1598 3651 Konstruktion:
1640 3595 1787 3665 „Ich
1823 3596 2009 3650 wiirdo
2058 3595 2203 3649 mich
2238 3611 2339 3648 vor
2372 3595 2471 3648 der
2505 3594 2713 3649 blossen

255 3686 524 3740 Antoritat
559 3686 765 3755 beugen
781 3689 844 3754 “3
899 3685 1005 3755 vgl.
1046 3727 1078 3754 „
1093 3702 1230 3755 quae
1269 3684 1590 3740 contumelia
1626 3702 1733 3739 non
1769 3685 1932 3754 fregIt
1970 3701 2110 3753 eum,
2148 3685 2244 3739 sed
2282 3682 2457 3738 erexit
2470 3685 2521 3752 “,
2558 3684 2712 3753 Nep,

245 3775 435 3830 Them.
457 3778 504 3831 1.
544 3807 612 3816 —-
649 3782 713 3830 ut
745 3777 937 3830 velle..
960 3816 972 3828 .
992 3775 1261 3845 videatur]
1300 3775 1462 3843 „dats
1498 3792 1626 3829 man
1661 3774 1816 3842 sicht‚
1855 3790 1917 3829 er
1950 3773 2061 3827 will
2097 3774 2294 3828 andere
2331 3773 2713 3842 iiberzeugen“

249 3866 502 3934 (erganze
531 3865 892 3934 persuadere).

255 4006 637 4074 Fortsetzung:
682 4002 821 4061 fiber
856 4013 1277 4063 Bonchaffonhoit
1310 4014 1417 4061 und
1451 4012 1764 4061 Aufenthalt
1800 4012 1895 4060 dor
1930 4011 2380 4073 absoschiedonen
2404 4011 2585 4060 Scolon
2619 4011 2717 4059 mit

254 4100 534 4151 ntarkoror
568 4099 842 4163 Botonung
877 4102 970 4150 dor
1004 4101 1451 4152 Ummblichkoit
1496 4095 1621 4165 (vgl.
1661 4112 1728 4148 zu
1763 4097 1794 4165 §
1829 4095 1947 4163 36),
1986 4100 2070 4149 die
2107 4100 2221 4150 nich
2257 4113 2353 4149 aus
2389 4100 2488 4148 den
2521 4098 2715 4159 nigen-

1092 4191 1332 4240 schalten
1369 4192 1463 4240 dor
1501 4191 1651 4240 scole
1687 4190 1879 4252 orgibt.

396 4291 552 4359 Kal).
594 4288 700 4349 22<
779 4304 861 4347 ao.
900 4296 1089 4345 contra
1123 4291 1403 4361 nitidum]
1454 4292 1754 4360 „strauben
1790 4291 1908 4346 sich
1956 4291 2196 4360 dagegen
2212 4292 2261 4357 “,
2313 4288 2609 4357 Gegensatz
2646 4304 2715 4341 zu

253 4397 368 4437 non
395 4397 661 4450 puynare.
702 4413 770 4422 -
806 4380 974 4451 quasi
997 4380 1173 4451 capite
1197 4380 1505 4450 damnatos]
1545 4420 1578 4448 „
1592 4380 1694 4436 wie
1722 4380 1859 4435 nach
1885 4377 2439 4448 hochnotpeinlichem
2467 4375 2715 4431 Richter-
